2950 4150
249 299 310 363 182
545 299 696 355 LAELIUS
714 299 764 354 DE
782 299 947 354 AMICITIA

245 483 304 526 nec
324 462 496 526 observare
514 462 672 547 restricte,
690 484 730 526 ne
748 463 822 546 plus
841 462 954 526 reddat
969 484 1066 546 quam
1081 462 1253 546 acceperit,

246 571 348 633 neque
377 550 461 614 enim
489 551 664 614 verendum
692 553 755 633 est,
788 572 828 614 ne
857 551 933 633 quid
963 551 1101 634 excidat,
1129 554 1185 614 aut
1212 571 1252 614 ne

247 638 324 722 quid
351 638 385 701 in
411 642 534 703 terram
561 639 694 723 defluat,
726 641 784 703 aut
813 660 855 703 ne
882 639 956 723 plus
984 646 1086 722 aequo
1115 638 1192 721 quid
1218 639 1253 703 in

194 742 226 791 ⁶9
246 726 423 792 amicitiam
450 731 652 812 congeratur.
697 726 826 791 Tertius
853 749 930 791 vero
957 727 1014 791 ille
1045 727 1119 790 finis
1152 726 1253 791 deter-

245 836 366 899 rumus,
388 818 434 899 ut,
458 816 570 899 quanti
590 815 724 899 quisque
744 837 778 879 se
801 816 871 900 ipse
890 815 998 898 faciat,
1021 816 1107 880 tanti
1129 815 1187 879 fiat
1211 815 1252 879 ab
1280 833 1294 873 s

247 903 367 968 amicis.
413 901 515 987 Saepe
543 905 629 968 enim
656 904 690 968 in
722 903 916 987 quibusdam
949 908 1005 968 aut
1037 904 1164 968 animus
1197 903 1253 967 ab·

246 991 359 1056 iectior
392 995 441 1056 est
474 995 530 1055 aut
558 1014 631 1077 spes
660 992 905 1076 amplificandae
932 993 1081 1056 fortunae
1108 991 1254 1056 fractior.

245 1079 321 1144 Non
348 1083 398 1144 est
426 1079 527 1165 igitur
554 1080 650 1146 amici
677 1080 778 1145 talem
806 1102 875 1144 esse
898 1081 933 1144 in
955 1103 1042 1163 eum,
1069 1080 1174 1163 qualis
1198 1080 1254 1144 ille

245 1168 280 1232 in
303 1189 337 1232 se
361 1170 419 1251 est,
442 1167 498 1232 sed
520 1169 629 1253 potius
653 1168 732 1233 eniti
755 1173 789 1233 et
811 1168 950 1252 efficere,
973 1173 1010 1232 ut
1033 1169 1128 1233 amici
1150 1169 1253 1233 iacen-

245 1260 313 1320 tem
336 1257 480 1321 animum
498 1257 615 1322 excitet
633 1257 828 1340 inducatque
845 1258 881 1322 ia
899 1279 990 1342 spem
1008 1257 1294 1343 cogitationem-1⁰

246 1365 307 1428 que
330 1346 506 1410 meliorem.
542 1345 636 1410 Alius
659 1346 762 1432 igitur
784 1346 858 1410 finis
881 1367 976 1410 verae
995 1345 1156 1411 amicitiae
1179 1367 1252 1410 con-

246 1433 427 1498 stituendus
456 1437 518 1518 est,
549 1435 577 1499 si
603 1434 707 1518 prius,
740 1434 817 1518 quid
845 1455 993 1499 maxume
1020 1432 1254 1518 reprehendere

246 1519 353 1605 Scipio
382 1522 498 1586 solitus
526 1522 582 1599 sit,
610 1522 728 1586 dixero.
773 1522 926 1608 Negabat
949 1522 1050 1586 ullam
1073 1543 1185 1587 vocem
1207 1522 1253 1585 in·

245 1609 423 1675 imiciorem
447 1609 607 1675 amicitiae
630 1610 776 1695 potuisse
799 1611 934 1694 reperiri
962 1632 1058 1694 quam
1087 1611 1170 1693 eius,
1197 1610 1253 1693 qui

247 1697 381 1762 dixisset
412 1699 459 1762 ita
491 1721 600 1763 amare
632 1703 795 1784 oportere,
830 1702 868 1763 ut
901 1699 929 1762 si
961 1698 1135 1782 aliquando
1167 1702 1253 1763 esset
1269 1715 1293 1755 1⁵

246 1807 375 1871 osurus3
400 1809 459 1852 nec
486 1809 620 1853 verosa
645 1787 759 1852 adduci
785 1809 894 1873 posse,
924 1791 960 1851 ut
987 1787 1062 1870 hoc,
1090 1809 1185 1871 quem
1212 1786 1253 1851 ad

246 1875 377 1940 modum
399 1880 578 1961 putaretur,
602 1899 621 1940 a
643 1874 760 1940 Biante
785 1898 854 1940 esse
878 1875 999 1941 dictum
1021 1875 1174 1958 crederet,
1198 1876 1253 1959 qui

246 1963 375 2047 sapiens
402 1963 533 2029 habitus
561 1967 648 2029 esset
674 1986 757 2029 unus
785 1986 802 2028 e
829 1969 968 2048 septem3
999 1964 1119 2048 impuri
1151 1964 1253 2028 cuius-

246 2050 319 2117 dam
344 2055 400 2116 aut
423 2052 588 2118 ambItiosi
611 2056 667 2117 aut
690 2053 799 2117 omnia
822 2052 863 2117 ad
886 2075 978 2117 suam
1000 2052 1182 2137 potentiam
1205 2075 1253 2117 rc-

244 2141 391 2205 vocantis
419 2162 489 2205 esse
517 2142 719 2206 sententiam.
765 2140 912 2216 Quonam
940 2142 1025 2206 enim
1048 2141 1144 2206 modo
1168 2141 1252 2225 quis·
1266 2158 1293 2197 20

246 2251 343 2313 quam
367 2230 488 2295 amicus
512 2252 582 2295 esse
604 2231 726 2315 poterit
750 2230 788 2314 ei,
811 2231 863 2296 cui
886 2252 919 2295 se
938 2230 1068 2315 putabit
1086 2230 1252 2294 inimicum

245 2339 315 2383 esse
333 2319 451 2403 posse‘?
475 2319 552 2402 quin
576 2319 674 2383 etiam
696 2340 827 2384 necesse
850 2319 912 2383 erit
934 2340 1050 2403 cupere
1073 2321 1106 2382 et
1129 2322 1252 2401 optare,

244 2409 282 2471 ut
309 2430 406 2491 quam
434 2407 621 2493 saepissime
648 2412 760 2492 peccet
791 2409 928 2490 amicus,
960 2428 1023 2489 quo
1055 2407 1165 2491 plures
1198 2406 1252 2470 det

245 2495 307 2559 sibi
322 2500 488 2580 tamquam
504 2518 599 2561 ansas
614 2496 655 2561 ad
668 2495 979 2582 reprehendendum,
996 2517 1124 2559 rursum
1144 2499 1251 2560 autem

244 2588 330 2647 recte
352 2583 448 2649 factis
471 2584 710 2668 commodisque
734 2584 912 2649 amicorum
934 2605 1064 2649 neeesse
1085 2584 1148 2648 erit
1165 2584 1251 2670 angi.
1266 2600 1291 2638 ²⁵

175 2687 226 2736 ‘oo
245 2671 362 2753 dolere,
381 2672 532 2737 invidere.
569 2670 673 2747 Quare
691 2672 753 2737 hoc
768 2672 896 2756 quidem
914 2676 1132 2757 praeceptum,
1150 2672 1252 2737 cuius-

244 2780 379 2842 cumque
399 2764 458 2843 est,
476 2760 517 2825 ad
534 2760 713 2826 tollendam
730 2760 908 2825 amicitiam
926 2761 1028 2844 valet3
1046 2760 1129 2825 illud
1141 2760 1251 2845 potius

244 2846 505 2934 praecipiendum
532 2847 609 2932 fuit,
638 2852 675 2913 ut
703 2872 774 2914 eam
798 2849 1002 2934 diligentiam
1026 2848 1251 2914 adhiberemus

243 2938 279 3003 in
302 2935 452 3001 amicitiis
476 2937 710 3023 comparandis,
732 2942 770 3002 ut
792 2960 832 3001 ne
855 2937 984 3021 quando
1006 2958 1115 3002 amare
1132 2938 1251 3022 incipe·

244 3047 351 3091 remus
380 3046 467 3107 eum,
496 3048 592 3109 quem
615 3026 790 3109 aliquando
814 3024 920 3091 odisse
943 3047 1121 3112 possemus.
1167 3023 1251 3100 Quin
1264 3042 1291 3079 ³⁰

245 3114 356 3198 etiam,
379 3112 408 3178 si
430 3113 537 3178 minus
559 3114 669 3179 felices
692 3114 726 3177 in
751 3114 914 3200 diligendo
937 3113 1127 3197 fuissemus,
1149 3113 1250 3177 feren-

245 3203 320 3268 dum
338 3202 372 3267 id
385 3200 491 3287 Scipio
512 3203 621 3286 potius
641 3224 737 3286 quam
756 3202 1000 3267 inimicitiarum
1018 3207 1146 3286 tempus
1166 3200 1250 3284 cogi-

193 3359 231 3421 17
243 3290 625 3466 tamiili}igiltirarbdiiibus
644 3380 799 3445 utendum
819 3380 969 3462 arbItror,
987 3381 1034 3462 ut,
1052 3400 1125 3442 cum
1144 3397 1250 3440 emen-

188 3436 223 3487 ⁶¹
244 3469 312 3534 dati
334 3491 439 3535 mores
464 3468 640 3534 amicorum
664 3469 737 3551 siut,
761 3473 832 3533 tum
855 3468 899 3532 sit
921 3468 1006 3532 inter
1029 3487 1084 3531 eos
1107 3466 1250 3531 omnium
1265 3482 1291 3522 ³⁵

242 3580 364 3641 rerum,
391 3557 613 3641 consiliorum,
640 3558 847 3623 voluntatum
874 3557 943 3620 sine
971 3554 1041 3619 ulla
1064 3555 1250 3639 exceptione

231 3646 462 3729 communitas,
484 3650 528 3728 ut,
549 3646 677 3712 etiamsi
697 3669 761 3731 qua
774 3646 907 3712 fortuna
921 3643 1074 3710 acciderit
1087 3647 1125 3708 ut
1144 3643 1250 3708 minus
