2950 4150
241 303 304 368 150
475 301 568 358 CATO
586 301 705 358 MAIOR
721 301 771 356 DE
790 302 1001 359 amorum

187 481 221 533 52
239 487 312 530 rum
324 485 451 530 morsus
464 464 609 529 munitur
626 464 714 530 vallo
728 464 910 529 austerum.
944 462 1027 540 Quid
1046 487 1107 551 ego
1124 465 1240 531 vitium

239 556 339 637 ortus,
363 557 463 636 satus,
480 553 679 618 incrementa
696 553 966 619 commemorem?
1003 551 1123 618 Satiari
1140 553 1240 619 delec-

238 641 362 706 tatione
384 663 450 707 non
471 663 617 726 possum,
645 645 683 705 ut
709 662 799 706 meae
823 641 997 706 senectutis
1019 641 1163 726 requiem
1186 642 1240 706 ola

238 730 529 814 lectamentumque
560 729 711 795 noscatis.
764 727 888 794 Omitto
921 729 1006 793 enim
1037 729 1104 795 vim
1136 731 1241 815 ipsam

240 818 395 902 omnium,
423 838 504 902 quae
531 821 726 904 generantur
754 839 772 881 e
798 821 900 901 terra,
927 838 1008 901 quae
1036 839 1075 882 ex
1096 817 1149 883 fici
1171 823 1240 883 tan·
1266 835 1280 877 e

238 906 309 971 tulo
341 927 443 992 grano
476 909 532 970 aut
563 927 601 970 ex
634 905 716 970 acini
747 904 879 970 vinaceo
912 909 968 970 eut
996 927 1034 970 ex
1061 909 1240 971 ceterarum

238 992 369 1080 frugum
397 998 453 1059 aut
483 993 633 1078 stirpium
664 993 890 1058 minutissimis
922 993 1098 1059 seminibus
1130 997 1240 1059 tantos

237 1085 369 1147 truncos
400 1102 571 1165 ramosque
602 1085 758 1166 procreet.
807 1080 966 1165 Malleoli,
997 1083 1142 1166 plantae,
1175 1103 1240 1146 sar·

238 1174 356 1254 menta,
374 1168 573 1254 viviradices,
590 1169 785 1254 propagines
799 1190 904 1235 nonne
918 1168 1071 1254 efficiunt,
1083 1174 1121 1235 ut
1134 1191 1240 1255 quem·

190 1332 198 1341 ,
237 1258 287 1322 vis
311 1280 382 1322 eum
406 1257 619 1323 admiratione
647 1257 829 1323 delectent?
872 1255 960 1321 Vitis
988 1257 1130 1344 quidem,
1157 1280 1239 1342 quae
1254 1276 1280 1317 ιο

237 1350 354 1411 natura
376 1346 495 1412 caduca
517 1349 568 1410 est
590 1349 631 1430 et,
653 1346 717 1410 nisi
738 1345 824 1411 fulta
846 1350 905 1430 est,
926 1345 1030 1410 fertur
1051 1346 1092 1411 ad
1109 1351 1240 1431 terram

238 1435 361 1518 eadem,
392 1438 430 1498 ut
457 1456 491 1499 se
519 1435 638 1520 erigat,
670 1435 835 1500 claviculis
868 1433 934 1498 suis
962 1435 1055 1518 quasi
1081 1435 1240 1519 manibus,

238 1522 387 1606 quiequid
406 1526 455 1585 est
472 1526 577 1605 nacta,
595 1521 834 1605 complectitur3
853 1542 950 1605 quam
964 1527 1148 1606 serpentem
1161 1525 1240 1587 mul·

236 1609 342 1694 tipliei
368 1611 463 1694 lapsu
490 1612 522 1673 et
550 1608 685 1673 erratico
712 1608 800 1673 ferro
832 1612 1004 1692 amputans
1033 1612 1159 1675 coercet
1186 1630 1238 1674 ars

238 1698 463 1784 agricolarum,
480 1718 521 1761 ne
540 1697 691 1762 silvescat
709 1697 880 1761 sarmentis
899 1700 933 1760 et
950 1696 985 1760 in
999 1718 1109 1762 omnes
1127 1701 1239 1783 partes
1254 1715 1280 1756 re

186 1801 218 1853 cs
236 1786 338 1851 nimia
358 1785 520 1851 fundatur.
564 1785 680 1869 Itaque
701 1784 831 1849 ineunte
853 1805 928 1848 vere
950 1784 985 1848 in
1007 1784 1061 1869 iis,
1088 1807 1170 1870 quae
1192 1807 1239 1851 re·

236 1874 314 1940 licta
337 1879 421 1958 sunt,
444 1873 554 1939 existit
575 1878 744 1958 tamquam
767 1873 807 1937 ad
828 1873 981 1938 articulos
1000 1877 1239 1939 sarmentorum

237 1984 284 2046 ea,
306 1984 388 2046 quae
411 1982 540 2048 gemma
560 1961 685 2040 dicitur,
708 1983 728 2026 a
747 1983 811 2045 qua
829 1961 935 2026 oriens
953 1983 1017 2026 uva
1035 1983 1070 2026 se
1089 1961 1239 2045 ostendit,

238 2071 319 2134 quae
343 2054 375 2115 et
398 2071 473 2115 suco
496 2054 602 2115 terrae
628 2053 661 2115 et
688 2049 795 2115 calore
822 2049 901 2115 solis
929 2070 1104 2135 augescens
1132 2051 1238 2136 primo

238 2142 288 2202 est
305 2139 480 2223 peracerba
498 2141 639 2222 gustatu,
658 2137 771 2203 deinde
790 2142 954 2204 maturata
971 2138 1126 2205 dulcescit
1143 2140 1239 2205 vesti-
1252 2156 1279 2197 ao

236 2230 334 2309 taque
360 2225 521 2310 pampinis
552 2248 611 2292 nec
642 2226 768 2291 modico
801 2231 911 2312 tepore
942 2231 1032 2292 caret
1059 2232 1092 2292 et
1120 2228 1238 2292 nimios

237 2313 315 2379 solis
348 2313 489 2379 defendit
520 2315 658 2380 ardores.
712 2313 784 2391 Qua
815 2314 892 2399 quid
922 2318 1032 2399 potest
1064 2336 1134 2379 esse
1165 2337 1237 2380 cum

235 2402 342 2467 fructu
365 2402 491 2487 laetius,
513 2406 584 2469 tum
607 2407 738 2488 aspectu
760 2402 951 2488 pulchrius?
987 2399 1086 2466 Cuius
1109 2402 1236 2487 quidem

235 2511 301 2554 non
323 2490 449 2555 utilitas
472 2511 524 2555 me
546 2492 664 2574 solum,
691 2495 728 2555 ut
756 2495 831 2555 ante
859 2489 937 2573 dixi,
964 2489 1020 2553 sed
1047 2490 1146 2555 etiam
1174 2491 1237 2556 oul-

235 2582 311 2642 tura
333 2582 366 2642 et
388 2581 505 2643 natura
527 2578 598 2663 ipsa
625 2579 778 2661 delectat,
804 2576 1073 2643 adminiculorum
1100 2578 1237 2663 ordines,
1251 2596 1277 2636 2⁵

235 2665 378 2749 capitum
400 2666 539 2751 iugatio,
564 2666 716 2752 religatio
740 2669 773 2731 et
795 2666 989 2751 propagatio
1012 2667 1142 2749 vitium,
1172 2688 1237 2733 sar·

235 2757 418 2821 mentorum
441 2775 488 2839 ea,
511 2776 607 2839 quam
631 2754 704 2837 dixi,
728 2754 866 2819 aliorum
885 2755 1075 2839 amputatio,
1098 2755 1237 2821 aliorum

235 2842 390 2907 inmissio.
436 2842 519 2918 Quid
546 2863 606 2929 ego
633 2842 854 2928 irrigationes,
885 2842 960 2927 quid
982 2842 1141 2909 fossiones
1165 2845 1237 2930 agri

234 2930 569 3016 repastinationesque
600 2930 777 3015 proferam,
809 2930 925 3015 quibus
952 2930 990 2995 fit
1017 2932 1121 2997 multo
1149 2936 1237 2997 terra

183 3032 217 3083 ss
234 3018 421 3085 fecundior?
450 3019 526 3103 quid
551 3019 588 3084 de
611 3019 754 3084 utilitate
781 3020 897 3103 loquar
920 3020 1142 3085 stercorandi?
1172 3020 1238 3083 dixi
1251 3037 1278 3076 ω

234 3108 269 3171 in
291 3128 328 3172 eo
356 3107 455 3189 libro,
482 3128 577 3190 quem
605 3107 766 3172 derebus
793 3107 923 3173 rusticis
951 3109 1079 3193 scripsi3
1109 3108 1147 3172 de
1175 3129 1238 3190 qua

235 3195 347 3261 doctus
370 3194 531 3259 Hesiodus
553 3218 594 3260 ne
612 3196 747 3261 verbum
766 3196 895 3279 quidem
916 3195 1003 3281 fecit,
1026 3218 1098 3261 cum
1117 3195 1155 3259 de
1174 3195 1238 3260 oul-

234 3286 309 3349 tura
332 3284 404 3370 agri
427 3283 591 3348 scriberet.
627 3283 673 3348 At
690 3283 862 3368 Homerus,
886 3284 941 3368 qui
959 3284 1081 3367 multis,
1102 3288 1140 3347 ut
1158 3282 1238 3347 mihi

234 3371 369 3457 videtur,
392 3375 467 3437 ante
490 3372 627 3438 saeculis
648 3372 724 3457 fuit,
747 3373 899 3438 Laertam
922 3372 1095 3436 lenientem
1118 3370 1237 3437 deside·

234 3460 332 3544 rium,
359 3460 445 3544 quod
467 3460 616 3544 capiebat
639 3482 656 3525 e
679 3461 761 3545 filio,
787 3461 946 3527 colentem
969 3480 1084 3546 agrum
1107 3463 1141 3524 et
1163 3476 1276 3525 eumer

234 3551 467 3613 stercorantem
484 3548 571 3613 facit.
605 3547 675 3615 Nee
692 3570 769 3615 vero
788 3548 953 3636 segetibus
968 3548 1074 3613 solum
1088 3553 1121 3613 et
1134 3549 1237 3633 pratis

230 3638 266 3696 et
280 3635 382 3699 vineis
400 3640 433 3701 et
451 3637 592 3702 arbustis
611 3658 662 3702 res
681 3638 821 3705 rusticae
839 3638 944 3702 laetae
959 3640 1044 3714 sunt,
1062 3636 1118 3701 sed
1131 3636 1237 3703 hortis
