2950 4150
534 307 610 361 oar.
631 313 743 362 14-1c.
780 312 927 372 ssi-ss.
1173 305 1233 370 181

230 471 433 536 tolerabilius
465 470 535 534 fieri
566 472 684 554 potest.
734 468 843 552 Atque
873 468 936 534 hoc
968 468 1098 552 quidem
1128 466 1236 532 videre

231 561 320 644 licet,
348 580 416 643 eos,
446 558 501 642 qui
525 562 620 623 antea
643 557 820 623 commodis
843 555 964 621 fuerint
991 555 1150 641 moribus,
1176 555 1237 619 im·

229 648 329 733 perio,
351 650 528 732 potestate,
550 646 714 732 prosperis
736 645 834 710 rebus
856 645 1039 726 inmutari[,
1062 643 1172 730 sperni
1194 643 1235 708 ab

229 736 269 801 iis
301 740 427 801 veteres
459 735 632 818 amicitias,
663 733 826 819 indulgeri
852 732 969 815 novis].
1015 731 1098 807 Quid
1128 734 1288 798 autema

203 824 363 889 sstultius
382 846 488 908 quam,
506 845 579 888 cum
598 823 775 908 plurimum
793 821 904 908 copiis,
926 820 1147 906 facultatibus,
1170 819 1236 906 opi·

229 914 289 977 bns
320 913 464 998 possint,
495 915 602 977 cetera
633 933 762 996 parare,
793 933 875 996 quac
906 913 1064 996 parantur
1093 909 1237 995 pecunia,

229 1022 339 1085 equos,
360 1000 510 1084 famulos,
533 1003 658 1065 vestem
681 999 860 1085 egregiam,
882 1020 962 1065 vasa
984 999 1136 1084 pretiosa,
1159 999 1237 1063 ami-

228 1111 283 1155 cos
305 1111 371 1154 non
394 1110 524 1175 parare,
552 1091 719 1173 optumam
743 1091 776 1152 et
798 1087 1050 1172 pulcherrimam
1073 1087 1173 1166 vitae,
1199 1089 1238 1151 ut

228 1179 277 1242 ita
299 1178 417 1256 dicam,
445 1176 702 1261 supellectilem?
733 1175 853 1240 etenim
880 1179 987 1241 cetera
1014 1197 1086 1242 cum
1109 1178 1237 1261 parant,

192 1284 216 1322 ιο
230 1266 281 1330 cui
303 1269 433 1350 parent,
459 1265 620 1346 nesciunt,
649 1285 707 1328 nec
735 1263 825 1329 cuins
852 1285 950 1329 causa
975 1264 1126 1329 laborent
1152 1260 1236 1350 (eius

230 1353 316 1417 enim
340 1357 390 1416 est
407 1353 546 1417 istorum
569 1351 717 1436 quidque,
740 1351 796 1435 qui
814 1350 892 1415 vicit
909 1348 1059 1437 viribus),
1082 1351 1237 1416 amicitia·

229 1463 302 1506 rum
325 1461 385 1505 sua
407 1441 520 1524 cuique
542 1443 712 1525 permanet
736 1439 866 1504 stabilis
889 1443 923 1503 et
945 1442 1034 1504 certa
1060 1440 1238 1525 possessi03

229 1532 279 1608 ut,
307 1528 436 1593 etiamsi
459 1529 516 1593 illa
539 1532 705 1612 maneant,
732 1549 815 1613 quae
837 1530 915 1593 sunt
938 1528 1031 1612 quasi
1054 1527 1138 1593 dona
1159 1525 1236 1593 For-

229 1623 342 1701 tunae,
369 1620 479 1683 tamen
501 1617 570 1681 vita
597 1617 720 1682 inculta
747 1621 781 1681 et
808 1616 936 1682 deserta
963 1617 1004 1680 ab
1033 1616 1145 1681 amicis
1171 1637 1238 1682 non

191 1723 215 1765 ιε
228 1706 334 1792 possit
357 1727 427 1770 esse
450 1705 597 1771 iucunda.
643 1703 705 1770 Sed
727 1706 807 1770 haec
830 1705 995 1770 hactenus.

295 1792 521 1859 Constituendi
540 1797 648 1858 autem
666 1797 753 1878 sunt,
776 1793 832 1876 qni
850 1794 917 1857 sint
937 1793 973 1856 in
991 1793 1134 1858 amicitia
1156 1771 1289 1898 finalg

229 1886 263 1947 et
285 1883 378 1966 quasi
401 1881 532 1947 termini
556 1880 719 1967 diligendi.
756 1881 806 1945 De
829 1881 946 1965 quibus
970 1885 1037 1946 tres
1056 1881 1149 1946 video
1168 1903 1236 1946 sen-

229 1972 349 2036 tentias
372 1969 464 2052 ferri,
487 1991 623 2053 quarum
645 1969 771 2034 nullam
793 1969 911 2055 probo,
933 1991 1044 2054 unam,
1066 1974 1103 2035 ut
1124 1970 1237 2036 eodem

229 2060 325 2125 modo
353 2080 432 2145 erga
459 2057 599 2123 amicum
626 2057 744 2123 adfecti
772 2057 887 2140 simus,
915 2080 979 2143 quo
1007 2080 1085 2144 erga
1108 2064 1237 2125 nosmet

190 2168 216 2207 ac
230 2150 328 2234 ipsos,
352 2148 503 2230 alteram,
525 2149 563 2210 ut
584 2149 698 2211 nostra
721 2147 755 2210 in
779 2147 899 2212 amicos
922 2146 1142 2213 benivolentia
1164 2150 1235 2213 illo-

229 2259 302 2302 rum
325 2257 403 2322 erga
425 2256 485 2300 nos
509 2234 747 2300 benivolentiae
774 2235 897 2319 pariter
925 2237 1167 2320 aequaliterque
1189 2259 1236 2301 rc-

229 2325 399 2411 spondeat,
431 2323 577 2408 tertiam,
608 2326 659 2405 ut,
686 2324 800 2406 quanti
828 2323 964 2407 quisque
991 2344 1026 2388 se
1053 2323 1122 2408 ipse
1149 2324 1236 2408 facit,

228 2414 314 2478 tanti
336 2413 395 2477 liat
418 2413 459 2477 ab
483 2412 603 2478 amicis.
639 2410 766 2476 Harum
784 2411 884 2475 trium
903 2411 1136 2476 sententiarum
1154 2413 1237 2478 nulli
1255 2430 1288 2480 5⁵1

229 2523 361 2587 prorsus
385 2501 558 2566 adsentior.
598 2499 667 2566 Nec
688 2499 775 2565 enim
798 2500 857 2564 illa
879 2499 986 2585 prima
1008 2521 1085 2565 vera
1107 2505 1166 2585 est,
1190 2506 1236 2584 ut,

190 2608 215 2647 π
230 2612 325 2675 quem
349 2589 390 2654 ad
413 2589 543 2655 modum
566 2590 600 2654 in
624 2611 658 2654 se
682 2588 818 2673 quisquc
840 2588 895 2671 sit,
918 2589 964 2653 sic
984 2588 1018 2652 in
1037 2588 1175 2655 amicum
1193 2590 1237 2654 sit

230 2679 417 2743 animatus.»
438 2675 542 2752 Quam
560 2678 665 2743 multa
683 2677 778 2761 enim,
801 2698 883 2761 quae
900 2680 1014 2742 nostra
1032 2699 1129 2742 causa
1146 2701 1236 2744 nnm-

230 2790 328 2851 quam
349 2766 537 2849 faceremus,
560 2766 695 2831 facimus
719 2787 816 2831 causa
839 2765 1027 2831 amicorum!
1050 2767 1175 2851 precari
1194 2768 1235 2832 ab

229 2854 378 2940 indigno,
405 2854 601 2940 supplicare,
630 2858 700 2918 tum
728 2853 874 2919 acerbius
900 2853 935 2919 in
963 2853 1104 2938 aliquem
1126 2856 1235 2921 invehi

230 2943 444 3027 insectarique
467 2943 703 3026 vehementius,
731 2963 813 3025 quae
840 2943 875 3006 in
901 2942 1024 3007 nostris
1051 2944 1147 3008 rebus
1169 2965 1235 3008 non

190 3050 215 3089 cc
230 3031 309 3095 satis
328 3031 474 3114 honeste,
491 3030 526 3096 in
544 3032 720 3097 amicorum
739 3031 822 3095 fiunt
839 3031 1081 3116 honestissime3
1101 3031 1235 3096 multae

230 3142 291 3204 que
314 3141 365 3183 res
389 3123 477 3201 sunt,
504 3120 539 3183 in
567 3120 683 3203 quibus
712 3118 750 3184 de
779 3119 845 3184 suis
873 3120 1051 3185 commodis
1073 3120 1136 3184 viri
1157 3120 1235 3184 boni

229 3210 333 3273 multa
361 3200 536 3272 detrahunt
563 3208 753 3291 detrahique
784 3207 967 3292 patiuntur,
998 3213 1035 3274 ut
1066 3208 1107 3272 iis
1140 3208 1235 3273 amici

229 3297 337 3381 potius
362 3318 459 3380 quam
479 3296 542 3381 ipsi
560 3294 718 3360 fruantur.
756 3295 870 3361 Altera
889 3298 1049 3362 sententia
1072 3299 1130 3380 est,
1153 3318 1234 3379 quae
1253 3313 1286 3362 ss

229 3385 341 3449 definit
359 3384 536 3450 amicitiam
554 3384 688 3469 paribus
708 3384 823 3450 officiis
843 3407 879 3450 ac
897 3384 1131 3451 voluntatibus.
1162 3384 1233 3452 Hoc

188 3491 212 3530 π
229 3473 357 3557 quidem
378 3476 429 3538 est
451 3473 548 3538 nimis
571 3473 685 3559 exigue
704 3476 737 3538 et
755 3473 882 3538 exiliter
901 3474 942 3538 ad
959 3474 1100 3538 calculos
1118 3495 1234 3539 vocare

229 3562 418 3645 amicitiam,
445 3566 482 3628 ut
509 3584 569 3647 par
597 3562 641 3625 sit
668 3562 753 3627 ratio
781 3565 986 3646 acceptorum
1014 3566 1047 3625 et
1075 3562 1234 3628 datorum.

229 3649 369 3714 Divitior
392 3650 472 3715 mihi
496 3654 529 3714 et
552 3649 737 3715 affluentior
759 3650 974 3714 videturesse
993 3671 1070 3715 vera
1090 3651 1238 3715 amicitia
