2950 4150
276 316 338 380 160
514 315 607 370 cho
625 314 743 370 MAIOR
761 314 810 368 DE
828 314 1041 370 sannorum

272 476 367 543 illuc
390 477 529 560 omnia,
552 476 647 541 unde
671 480 757 541 orta
780 486 882 560 sunt,
905 477 1052 541 animus
1071 479 1199 540 antem
1218 496 1274 540 so-

273 565 347 648 lus,
373 586 440 630 nec
462 587 543 630 enm
571 564 680 629 adest
702 586 769 629 nec
792 586 874 629 cum
897 564 1074 647 discedit,
1104 567 1276 648 apparet.

221 659 252 708 81
272 652 350 718 Iam
373 675 463 718 vero
486 652 630 717 videtis
653 652 755 716 nihil
785 674 868 716 esse
896 653 1012 717 morti
1038 656 1115 716 tarn
1146 651 1276 716 simile

275 763 385 824 quarn
404 762 584 806 somnum.
630 740 751 824 Atqui
774 740 1048 804 dormientium
1067 739 1184 804 animi
1201 761 1275 805 ma-

274 829 371 893 xime
395 829 595 894 declarant
618 828 865 893 divinitatem
887 849 1005 912 suam3
1023 827 1144 893 multa
1168 828 1275 911 enim,
1302 845 1314 887 a

274 938 356 981 curn
380 916 534 982 remissi
553 921 589 981 et
608 917 724 981 liberi
744 920 848 998 sunt,
870 916 1003 980 futura
1020 915 1275 1000 prospiciunt.

274 1003 328 1068 Ex
356 1027 427 1088 quo
455 1004 719 1090 intellegitur,
752 1005 885 1088 quales
916 1003 1040 1068 futuri
1067 1003 1160 1086 sint,
1191 1025 1275 1068 cum

275 1113 315 1156 se
333 1092 446 1176 plane
465 1095 640 1176 corporis
654 1092 822 1157 vinculis
840 1092 1112 1156 relaxaverint.
1136 1089 1275 1175 Quare,

275 1180 306 1244 si
337 1180 429 1245 haec
461 1180 517 1245 ita
548 1183 648 1264 sunt,
680 1181 734 1245 sio
765 1202 821 1244 me
849 1178 1036 1262 colitote',
1066 1179 1186 1263 inquit,
1218 1177 1276 1243 ‘ut

275 1268 394 1351 deum3
417 1267 477 1332 sin
499 1290 572 1333 una
595 1272 653 1333 est
676 1269 909 1334 interiturus
929 1268 1075 1332 animus
1094 1289 1176 1332 cum
1195 1285 1315 1332 eor-1⁰

274 1377 377 1441 pore,
400 1376 467 1420 vos
494 1360 622 1421 tamen
649 1356 737 1422 deos
764 1361 955 1440 verentes,
988 1355 1052 1440 qui
1077 1356 1174 1421 hano
1201 1377 1275 1419 om-

274 1465 357 1508 nem
380 1443 707 1528 pulchritudinem
729 1448 887 1509 tuentur
910 1448 948 1508 et
965 1448 1117 1529 regunt,
1141 1465 1276 1509 memo·

274 1531 369 1595 riam
392 1531 517 1595 nostri
540 1532 601 1615 pie
618 1532 883 1613 inviolateque
901 1531 1134 1595 servabitis?
1172 1529 1275 1614 Cyrus

222 1666 264 1730 23
275 1619 403 1702 quidem
425 1618 504 1683 haec
525 1618 679 1701 moriens3
701 1639 770 1701 nos,
789 1620 818 1682 si
835 1620 950 1702 placet,
967 1622 1082 1682 nostra
1099 1618 1274 1682 videamus.

222 1745 255 1794 ῃ
275 1705 378 1771 Nemo
401 1727 554 1789 umquam
576 1705 665 1788 mihi,
692 1703 813 1790 Scipio,
839 1704 1045 1789 persuadebit
1068 1708 1125 1769 aut
1146 1710 1275 1789 patrem
1289 1723 1313 1763 rs

275 1800 367 1859 tuum
389 1794 528 1859 Paulum
551 1798 607 1858 aut
630 1793 709 1858 duos
737 1815 829 1877 avos,
857 1791 995 1858 Paulum
1023 1796 1056 1857 et
1077 1792 1275 1877 Africanum,

275 1887 332 1947 aut
349 1881 496 1948 Africani
513 1886 638 1965 patrem
659 1887 715 1947 aut
732 1886 885 1967 patruum
904 1885 960 1946 aut
976 1882 1097 1946 multos
1109 1883 1274 1966 praestan·

275 1977 324 2034 tes
346 1970 443 2053 viros,
467 1991 547 2053 quos
570 1991 756 2035 enumerare
774 1991 839 2035 non
862 1974 912 2035 est
929 1990 1072 2054 neeesse,
1093 1973 1186 2034 tanta
1204 1990 1274 2034 esse

275 2061 422 2142 conatos,
454 2080 535 2142 quae
559 2057 599 2123 ad
625 2058 828 2143 posteritatis
855 2058 1045 2124 memoriam
1067 2057 1274 2144 pertinerent,

275 2147 338 2211 nisi
360 2147 468 2211 animo
495 2150 661 2211 cernerent
687 2147 912 2232 posteritatem
940 2147 981 2212 ad
1006 2168 1040 2212 se
1066 2147 1154 2231 ipsos
1177 2147 1274 2231 perti·
1288 2163 1313 2203 κ

275 2256 358 2300 nere.
403 2234 457 2299 An
479 2255 598 2318 censes,
620 2239 657 2299 ut
680 2234 718 2299 de
742 2257 794 2300 me
816 2236 885 2320 ipse
903 2234 1031 2323 aliquid
1053 2256 1142 2298 more
1161 2255 1274 2299 senum

275 2323 404 2409 glorier,
427 2344 478 2388 me
501 2326 611 2387 tantos
634 2323 763 2388 labores
782 2323 913 2387 diurnos
931 2326 1168 2404 nocturnosque
1187 2321 1274 2386 dorni

275 2412 473 2495 militiaeque
496 2414 719 2495 suscepturum
746 2410 860 2494 fuisse,
888 2411 915 2474 si
937 2409 1037 2473 isdem
1064 2408 1182 2474 finibus
1206 2411 1274 2495 glo·

274 2500 357 2564 riam
371 2521 484 2581 meam,
505 2499 622 2583 quibus
636 2500 747 2582 vitam,
766 2519 870 2563 esrem
882 2497 1135 2563 terminaturus?
1157 2496 1190 2561 N
1191 2519 1274 2563 onne

274 2587 389 2652 melius
413 2587 517 2651 multo
539 2585 655 2651 fuisset
674 2587 813 2651 otiosam
832 2589 973 2650 aetatem
991 2590 1024 2649 et
1043 2586 1186 2670 quietam
1205 2586 1274 2651 sine
1288 2601 1314 2642 2⁵

273 2675 341 2738 ullo
365 2678 422 2739 aut
439 2674 550 2739 labore
570 2678 626 2738 aut
644 2674 849 2739 contentione
867 2674 1055 2739 traducere?
1087 2672 1149 2740 Sed
1165 2674 1273 2739 nescio
1327 2680 1330 2685 '

274 2783 338 2846 qno
362 2761 456 2827 modo
480 2761 605 2827 animus
628 2762 755 2848 erigens
779 2784 813 2827 se
835 2762 1059 2847 posteritatem
1082 2762 1130 2826 ita
1148 2783 1274 2846 semper

273 2849 501 2935 prospiciebat,
523 2849 625 2934 quasi,
648 2872 721 2915 cum
743 2851 932 2916 excessisset
954 2871 971 2914 e
993 2850 1070 2933 vita,
1095 2854 1164 2914 tum
1188 2850 1274 2914 deni·

275 2960 336 3022 que
359 2938 501 3003 victurus
525 2941 617 3002 esset.
663 2936 755 3012 Quod
783 2939 911 3022 quidem
938 2938 973 3002 ni
999 2937 1047 3002 ita
1070 2959 1103 3003 se
1129 2938 1274 3019 haberet,

274 3028 311 3091 ui
325 3025 424 3090 animi
433 3025 623 3091 inmortales
633 3030 750 3110 essent,
763 3026 850 3091 haud
859 3026 974 3111 optimi
984 3026 1136 3108 cuiusque
1148 3025 1274 3089 animus
1287 3039 1314 3081 ω

223 3132 255 3181 ⁸³
275 3113 413 3180 maxime
432 3114 472 3178 ad
490 3113 759 3178 inmortalitatem
779 3118 811 3178 et
825 3114 964 3200 gloriam
976 3115 1142 3179 niteretur.
1170 3109 1274 3187 Quid?

276 3202 361 3286 quod
384 3201 642 3285 sapientissimus
668 3202 803 3286 quisque
832 3202 1025 3287 aequissimo
1049 3200 1156 3265 animo
1180 3199 1274 3264 mori·

274 3295 342 3375 tur,
370 3290 582 3355 stultissimus
608 3289 826 3373 iniquissimo,
852 3311 958 3355 nonne
978 3289 1071 3355 vobis
1093 3287 1220 3353 ridetur
1245 3288 1274 3352 is

274 3380 410 3464 animus,
433 3378 487 3462 qui
509 3378 583 3463 plus
607 3382 717 3443 cernat
740 3383 774 3443 et
795 3378 937 3464 longius,
960 3377 1068 3441 videre
1091 3397 1125 3441 se
1149 3377 1189 3441 ad
1211 3399 1274 3441 me·

275 3467 358 3533 liora
383 3466 556 3553 proficisci,
588 3466 644 3530 ille
668 3470 789 3550 autern,
821 3465 909 3532 euius
938 3464 1084 3531 obtusior
1111 3464 1155 3529 sit
1181 3465 1274 3548 acies,
1288 3481 1313 3523 a

273 3576 339 3621 non
369 3554 499 3621 ridere?
534 3553 694 3638 Equidem
726 3555 841 3620 efferor
872 3553 979 3618 studio
1006 3556 1116 3638 patres
1139 3557 1274 3637 vestros,

261 3660 349 3718 qnos
375 3643 466 3707 colui
492 3646 528 3708 et
554 3643 666 3731 dilexi,
697 3642 839 3727 ridendi,
869 3663 973 3729 neque
999 3663 1076 3708 vero
1103 3662 1158 3707 eos
1186 3642 1274 3707 solos
