<?xml version="1.0" encoding="UTF-8"?>
<!DOCTYPE html PUBLIC "-//W3C//DTD XHTML 1.0 Transitional//EN"
    "http://www.w3.org/TR/xhtml1/DTD/xhtml1-transitional.dtd">
<html xmlns="http://www.w3.org/1999/xhtml" xml:lang="en" lang="en">
 <head>
  <title>
</title>
<meta http-equiv="Content-Type" content="text/html;charset=utf-8" />
  <meta name='ocr-system' content='tesseract 3.04.00' />
  <meta name='ocr-capabilities' content='ocr_page ocr_carea ocr_par ocr_line ocrx_word'/>
</head>
<body>
  <div class='ocr_page' id='page_1' title='image "./mtulliiciceroni01mlgoog_0039.png"; bbox 0 0 2950 4150; ppageno 0'>
   <div class='ocr_carea' id='block_1_1' title="bbox 484 314 1218 402">
    <p class='ocr_par' dir='ltr' id='par_1_1' title="bbox 484 314 1218 402">
     <span class='ocr_line' id='line_1_1' title="bbox 484 314 1218 402; baseline -0.01 -12"><span class='ocrx_word' id='word_1_1' title='bbox 484 314 487 319; x_wconf 74' lang='grc'><strong>’</strong></span> <span class='ocrx_word' id='word_1_2' title='bbox 589 333 664 392; x_wconf 79' lang='lat' dir='ltr'><strong>clP.</strong></span> <span class='ocrx_word' id='word_1_3' title='bbox 684 341 699 389; x_wconf 92' lang='lat'>1</span> <span class='ocrx_word' id='word_1_4' title='bbox 736 341 847 399; x_wconf 78' lang='lat'><strong>§1-4.</strong></span> <span class='ocrx_word' id='word_1_5' title='bbox 1156 337 1218 402; x_wconf 74' lang='lat'><strong>163</strong></span> 
     </span>
    </p>
   </div>
   <div class='ocr_carea' id='block_1_2' title="bbox 180 495 1255 3663">
    <p class='ocr_par' dir='ltr' id='par_1_2' title="bbox 193 495 1220 1022">
     <span class='ocr_line' id='line_1_2' title="bbox 218 495 1220 581; baseline 0.002 -21"><span class='ocrx_word' id='word_1_6' title='bbox 218 499 347 581; x_wconf 91' lang='lat' dir='ltr'><strong>putata,</strong></span> <span class='ocrx_word' id='word_1_7' title='bbox 379 496 483 560; x_wconf 89' lang='lat' dir='ltr'><strong>multa</strong></span> <span class='ocrx_word' id='word_1_8' title='bbox 506 497 605 561; x_wconf 88' lang='lat' dir='ltr'><strong>etiam</strong></span> <span class='ocrx_word' id='word_1_9' title='bbox 631 496 772 561; x_wconf 82' lang='lat' dir='ltr'><strong>breviter</strong></span> <span class='ocrx_word' id='word_1_10' title='bbox 798 500 833 560; x_wconf 90' lang='lat' dir='ltr'><strong>et</strong></span> <span class='ocrx_word' id='word_1_11' title='bbox 859 496 1024 561; x_wconf 89' lang='lat' dir='ltr'><strong>commode</strong></span> <span class='ocrx_word' id='word_1_12' title='bbox 1047 495 1134 562; x_wconf 87' lang='lat' dir='ltr'><strong>dicta</strong></span> <span class='ocrx_word' id='word_1_13' title='bbox 1155 519 1220 562; x_wconf 84' lang='lat' dir='ltr'><strong>mc·</strong></span> 
     </span>
     <span class='ocr_line' id='line_1_3' title="bbox 219 583 1219 670; baseline 0.002 -21"><span class='ocrx_word' id='word_1_14' title='bbox 219 584 341 650; x_wconf 88' lang='lat' dir='ltr'><strong>moriae</strong></span> <span class='ocrx_word' id='word_1_15' title='bbox 373 584 567 649; x_wconf 81' lang='lat' dir='ltr'><strong>mandabam</strong></span> <span class='ocrx_word' id='word_1_16' title='bbox 593 583 726 669; x_wconf 90' lang='lat' dir='ltr'><strong>fierique</strong></span> <span class='ocrx_word' id='word_1_17' title='bbox 754 584 924 649; x_wconf 77' lang='lat' dir='ltr'><strong>studebam</strong></span> <span class='ocrx_word' id='word_1_18' title='bbox 953 583 1020 649; x_wconf 86' lang='lat' dir='ltr'><strong>eius</strong></span> <span class='ocrx_word' id='word_1_19' title='bbox 1047 584 1219 670; x_wconf 91' lang='lat' dir='ltr'><strong>prudentia</strong></span> 
     </span>
     <span class='ocr_line' id='line_1_4' title="bbox 219 669 1219 758; baseline 0.003 -22"><span class='ocrx_word' id='word_1_20' title='bbox 219 672 352 739; x_wconf 78' lang='lat' dir='ltr'><strong>doctior.</strong></span> <span class='ocrx_word' id='word_1_21' title='bbox 397 670 467 747; x_wconf 85' lang='lat' dir='ltr'><strong>Quo</strong></span> <span class='ocrx_word' id='word_1_22' title='bbox 498 676 626 737; x_wconf 90' lang='lat' dir='ltr'><strong>mortuo</strong></span> <span class='ocrx_word' id='word_1_23' title='bbox 657 694 709 737; x_wconf 92' lang='lat' dir='ltr'><strong>me</strong></span> <span class='ocrx_word' id='word_1_24' title='bbox 741 672 783 737; x_wconf 90' lang='lat' dir='ltr'><strong>ad</strong></span> <span class='ocrx_word' id='word_1_25' title='bbox 814 672 999 758; x_wconf 88' lang='lat' dir='ltr'><strong>pontificem</strong></span> <span class='ocrx_word' id='word_1_26' title='bbox 1032 669 1219 739; x_wconf 84' lang='lat' dir='ltr'><strong>Scaevolam</strong></span> 
     </span>
     <span class='ocr_line' id='line_1_5' title="bbox 219 760 1219 847; baseline 0.001 -21"><span class='ocrx_word' id='word_1_27' title='bbox 219 760 354 844; x_wconf 91' lang='lat' dir='ltr'><strong>contuli,</strong></span> <span class='ocrx_word' id='word_1_28' title='bbox 386 782 481 845; x_wconf 91' lang='lat' dir='ltr'><strong>quem</strong></span> <span class='ocrx_word' id='word_1_29' title='bbox 511 783 611 825; x_wconf 91' lang='lat' dir='ltr'><strong>unum</strong></span> <span class='ocrx_word' id='word_1_30' title='bbox 641 764 773 825; x_wconf 88' lang='lat' dir='ltr'><strong>nostrae</strong></span> <span class='ocrx_word' id='word_1_31' title='bbox 804 761 945 827; x_wconf 87' lang='lat' dir='ltr'><strong>civitatis</strong></span> <span class='ocrx_word' id='word_1_32' title='bbox 973 764 1007 826; x_wconf 91' lang='lat' dir='ltr'><strong>et</strong></span> <span class='ocrx_word' id='word_1_33' title='bbox 1032 760 1162 847; x_wconf 81' lang='lat' dir='ltr'><strong>ingenio</strong></span> <span class='ocrx_word' id='word_1_34' title='bbox 1185 769 1219 827; x_wconf 83' lang='lat' dir='ltr'><strong>et</strong></span> 
     </span>
     <span class='ocr_line' id='line_1_6' title="bbox 193 845 1219 934; baseline 0.007 -25"><span class='ocrx_word' id='word_1_35' title='bbox 193 848 345 913; x_wconf 83' lang='lat' dir='ltr'><strong>siuetitia</strong></span> <span class='ocrx_word' id='word_1_36' title='bbox 370 848 686 934; x_wconf 87' lang='lat' dir='ltr'><strong>praestantissimum</strong></span> <span class='ocrx_word' id='word_1_37' title='bbox 717 847 818 914; x_wconf 80' lang='lat' dir='ltr'><strong>audeo</strong></span> <span class='ocrx_word' id='word_1_38' title='bbox 845 849 958 915; x_wconf 87' lang='lat' dir='ltr'><strong>dicere.</strong></span> <span class='ocrx_word' id='word_1_39' title='bbox 1003 845 1065 913; x_wconf 86' lang='lat' dir='ltr'><strong>Sed</strong></span> <span class='ocrx_word' id='word_1_40' title='bbox 1092 849 1130 913; x_wconf 92' lang='lat' dir='ltr'><strong>de</strong></span> <span class='ocrx_word' id='word_1_41' title='bbox 1157 850 1219 917; x_wconf 93' lang='lat' dir='ltr'><strong>hoc</strong></span> 
     </span>
     <span class='ocr_line' id='line_1_7' title="bbox 221 936 788 1022; baseline 0 -22"><span class='ocrx_word' id='word_1_42' title='bbox 221 937 315 1020; x_wconf 68' lang='lat' dir='ltr'><strong>alias,</strong></span> <span class='ocrx_word' id='word_1_43' title='bbox 336 957 420 1002; x_wconf 90' lang='lat' dir='ltr'><strong>nunc</strong></span> <span class='ocrx_word' id='word_1_44' title='bbox 442 937 537 1002; x_wconf 90' lang='lat' dir='ltr'><strong>redeo</strong></span> <span class='ocrx_word' id='word_1_45' title='bbox 561 936 602 1003; x_wconf 90' lang='lat' dir='ltr'><strong>ad</strong></span> <span class='ocrx_word' id='word_1_46' title='bbox 625 957 788 1022; x_wconf 81' lang='lat' dir='ltr'><strong>augurem.</strong></span> 
     </span>
    </p>

    <p class='ocr_par' dir='ltr' id='par_1_3' title="bbox 220 1023 1253 1286">
     <span class='ocr_line' id='line_1_8' title="bbox 286 1023 1253 1110; baseline -0.006 -20"><span class='ocrx_word' id='word_1_47' title='bbox 286 1023 366 1090; x_wconf 72' lang='lat' dir='ltr'><strong>(ium</strong></span> <span class='ocrx_word' id='word_1_48' title='bbox 385 1047 480 1110; x_wconf 87' lang='lat' dir='ltr'><strong>saepe</strong></span> <span class='ocrx_word' id='word_1_49' title='bbox 498 1026 611 1109; x_wconf 91' lang='lat' dir='ltr'><strong>multa,</strong></span> <span class='ocrx_word' id='word_1_50' title='bbox 632 1029 703 1088; x_wconf 91' lang='lat' dir='ltr'><strong>tum</strong></span> <span class='ocrx_word' id='word_1_51' title='bbox 720 1024 853 1088; x_wconf 90' lang='lat' dir='ltr'><strong>memini</strong></span> <span class='ocrx_word' id='word_1_52' title='bbox 871 1024 959 1088; x_wconf 91' lang='lat' dir='ltr'><strong>domi</strong></span> <span class='ocrx_word' id='word_1_53' title='bbox 975 1024 1010 1089; x_wconf 90' lang='lat' dir='ltr'><strong>in</strong></span> <span class='ocrx_word' id='word_1_54' title='bbox 1028 1025 1218 1110; x_wconf 83' lang='lat' dir='ltr'><strong>hemicyclio</strong></span> <span class='ocrx_word' id='word_1_55' title='bbox 1236 1035 1253 1084; x_wconf 75' lang='lat'>2</span> 
     </span>
     <span class='ocr_line' id='line_1_9' title="bbox 220 1113 1219 1198; baseline 0.001 -22"><span class='ocrx_word' id='word_1_56' title='bbox 220 1113 391 1195; x_wconf 87' lang='lat' dir='ltr'><strong>sedentem,</strong></span> <span class='ocrx_word' id='word_1_57' title='bbox 413 1118 451 1177; x_wconf 92' lang='lat' dir='ltr'><strong>ut</strong></span> <span class='ocrx_word' id='word_1_58' title='bbox 474 1114 610 1197; x_wconf 89' lang='lat' dir='ltr'><strong>solebat,</strong></span> <span class='ocrx_word' id='word_1_59' title='bbox 632 1134 704 1178; x_wconf 93' lang='lat' dir='ltr'><strong>cum</strong></span> <span class='ocrx_word' id='word_1_60' title='bbox 728 1116 762 1176; x_wconf 92' lang='lat' dir='ltr'><strong>et</strong></span> <span class='ocrx_word' id='word_1_61' title='bbox 783 1133 844 1198; x_wconf 83' lang='lat' dir='ltr'><strong>ego</strong></span> <span class='ocrx_word' id='word_1_62' title='bbox 867 1133 970 1176; x_wconf 86' lang='lat' dir='ltr'><strong>essem</strong></span> <span class='ocrx_word' id='word_1_63' title='bbox 988 1135 1053 1178; x_wconf 90' lang='lat' dir='ltr'><strong>una</strong></span> <span class='ocrx_word' id='word_1_64' title='bbox 1070 1118 1103 1178; x_wconf 90' lang='lat' dir='ltr'><strong>et</strong></span> <span class='ocrx_word' id='word_1_65' title='bbox 1124 1114 1219 1198; x_wconf 91' lang='lat' dir='ltr'><strong>pauci</strong></span> 
     </span>
     <span class='ocr_line' id='line_1_10' title="bbox 220 1200 1219 1286; baseline 0.001 -20"><span class='ocrx_word' id='word_1_66' title='bbox 220 1201 392 1266; x_wconf 89' lang='lat' dir='ltr'><strong>admodum</strong></span> <span class='ocrx_word' id='word_1_67' title='bbox 409 1201 595 1284; x_wconf 84' lang='lat' dir='ltr'><strong>familiares,</strong></span> <span class='ocrx_word' id='word_1_68' title='bbox 617 1200 651 1264; x_wconf 93' lang='lat' dir='ltr'><strong>in</strong></span> <span class='ocrx_word' id='word_1_69' title='bbox 669 1222 742 1264; x_wconf 89' lang='lat' dir='ltr'><strong>eum</strong></span> <span class='ocrx_word' id='word_1_70' title='bbox 763 1221 942 1265; x_wconf 89' lang='lat' dir='ltr'><strong>sermonem</strong></span> <span class='ocrx_word' id='word_1_71' title='bbox 959 1200 1054 1265; x_wconf 91' lang='lat' dir='ltr'><strong>illum</strong></span> <span class='ocrx_word' id='word_1_72' title='bbox 1070 1202 1219 1286; x_wconf 88' lang='lat' dir='ltr'><strong>incidere,</strong></span> 
     </span>
    </p>

    <p class='ocr_par' dir='ltr' id='par_1_4' title="bbox 180 1287 1219 1724">
     <span class='ocr_line' id='line_1_11' title="bbox 180 1287 1219 1372; baseline 0.008 -25"><span class='ocrx_word' id='word_1_73' title='bbox 180 1308 206 1348; x_wconf 82' lang='grc' dir='ltr'><strong>ιο</strong></span> <span class='ocrx_word' id='word_1_74' title='bbox 221 1289 276 1372; x_wconf 91' lang='lat' dir='ltr'><strong>qui</strong></span> <span class='ocrx_word' id='word_1_75' title='bbox 305 1293 377 1353; x_wconf 91' lang='lat' dir='ltr'><strong>turn</strong></span> <span class='ocrx_word' id='word_1_76' title='bbox 408 1288 493 1352; x_wconf 87' lang='lat' dir='ltr'><strong>forte</strong></span> <span class='ocrx_word' id='word_1_77' title='bbox 525 1287 636 1353; x_wconf 91' lang='lat' dir='ltr'><strong>multis</strong></span> <span class='ocrx_word' id='word_1_78' title='bbox 669 1291 739 1351; x_wconf 91' lang='lat' dir='ltr'><strong>erat</strong></span> <span class='ocrx_word' id='word_1_79' title='bbox 764 1287 800 1351; x_wconf 92' lang='lat' dir='ltr'><strong>in</strong></span> <span class='ocrx_word' id='word_1_80' title='bbox 826 1309 890 1353; x_wconf 87' lang='lat' dir='ltr'><strong>ore.</strong></span> <span class='ocrx_word' id='word_1_81' title='bbox 933 1287 1111 1354; x_wconf 76' lang='lat' dir='ltr'><strong>Meministi</strong></span> <span class='ocrx_word' id='word_1_82' title='bbox 1133 1290 1219 1355; x_wconf 89' lang='lat' dir='ltr'><strong>enim</strong></span> 
     </span>
     <span class='ocr_line' id='line_1_12' title="bbox 220 1373 1219 1461; baseline 0.003 -22"><span class='ocrx_word' id='word_1_83' title='bbox 220 1375 383 1461; x_wconf 89' lang='lat' dir='ltr'><strong>profecto,</strong></span> <span class='ocrx_word' id='word_1_84' title='bbox 406 1373 529 1459; x_wconf 87' lang='lat' dir='ltr'><strong>Attice,</strong></span> <span class='ocrx_word' id='word_1_85' title='bbox 556 1379 590 1440; x_wconf 90' lang='lat' dir='ltr'><strong>et</strong></span> <span class='ocrx_word' id='word_1_86' title='bbox 612 1397 649 1440; x_wconf 89' lang='lat' dir='ltr'><strong>eo</strong></span> <span class='ocrx_word' id='word_1_87' title='bbox 672 1375 791 1461; x_wconf 86' lang='lat' dir='ltr'><strong>magis,</strong></span> <span class='ocrx_word' id='word_1_88' title='bbox 823 1374 908 1458; x_wconf 91' lang='lat' dir='ltr'><strong>quod</strong></span> <span class='ocrx_word' id='word_1_89' title='bbox 929 1374 965 1440; x_wconf 94' lang='lat' dir='ltr'><strong>P.</strong></span> <span class='ocrx_word' id='word_1_90' title='bbox 987 1373 1130 1460; x_wconf 84' lang='lat' dir='ltr'><strong>Sulpicio</strong></span> <span class='ocrx_word' id='word_1_91' title='bbox 1151 1381 1219 1442; x_wconf 90' lang='lat' dir='ltr'><strong>ute-</strong></span> 
     </span>
     <span class='ocr_line' id='line_1_13' title="bbox 220 1462 1219 1548; baseline 0.002 -20"><span class='ocrx_word' id='word_1_92' title='bbox 220 1464 298 1528; x_wconf 86' lang='lat' dir='ltr'><strong>bare</strong></span> <span class='ocrx_word' id='word_1_93' title='bbox 330 1463 482 1548; x_wconf 91' lang='lat' dir='ltr'><strong>multum,</strong></span> <span class='ocrx_word' id='word_1_94' title='bbox 516 1486 588 1529; x_wconf 92' lang='lat' dir='ltr'><strong>cum</strong></span> <span class='ocrx_word' id='word_1_95' title='bbox 614 1462 642 1528; x_wconf 93' lang='lat' dir='ltr'><strong>is</strong></span> <span class='ocrx_word' id='word_1_96' title='bbox 674 1463 823 1528; x_wconf 89' lang='lat' dir='ltr'><strong>tribunus</strong></span> <span class='ocrx_word' id='word_1_97' title='bbox 855 1463 899 1548; x_wconf 84' lang='lat' dir='ltr'><strong>pl</strong></span> <span class='ocrx_word' id='word_1_98' title='bbox 930 1463 1064 1548; x_wconf 90' lang='lat' dir='ltr'><strong>capitali</strong></span> <span class='ocrx_word' id='word_1_99' title='bbox 1095 1464 1168 1530; x_wconf 93' lang='lat' dir='ltr'><strong>odio</strong></span> <span class='ocrx_word' id='word_1_100' title='bbox 1199 1488 1219 1530; x_wconf 85' lang='lat' dir='ltr'><strong>a</strong></span> 
     </span>
     <span class='ocr_line' id='line_1_14' title="bbox 221 1550 1218 1638; baseline 0.005 -24"><span class='ocrx_word' id='word_1_101' title='bbox 221 1551 256 1627; x_wconf 81' lang='lat' dir='ltr'><strong>Q.</strong></span> <span class='ocrx_word' id='word_1_102' title='bbox 279 1550 443 1636; x_wconf 89' lang='lat' dir='ltr'><strong>Pompeio,</strong></span> <span class='ocrx_word' id='word_1_103' title='bbox 465 1552 613 1636; x_wconf 90' lang='lat' dir='ltr'><strong>quitum</strong></span> <span class='ocrx_word' id='word_1_104' title='bbox 636 1554 706 1616; x_wconf 90' lang='lat' dir='ltr'><strong>erat</strong></span> <span class='ocrx_word' id='word_1_105' title='bbox 728 1552 854 1635; x_wconf 86' lang='lat' dir='ltr'><strong>consul,</strong></span> <span class='ocrx_word' id='word_1_106' title='bbox 877 1551 1058 1636; x_wconf 88' lang='lat' dir='ltr'><strong>dissideret,</strong></span> <span class='ocrx_word' id='word_1_107' title='bbox 1081 1574 1218 1638; x_wconf 91' lang='lat' dir='ltr'><strong>quocum</strong></span> 
     </span>
     <span class='ocr_line' id='line_1_15' title="bbox 220 1639 1219 1724; baseline 0 -18"><span class='ocrx_word' id='word_1_108' title='bbox 220 1639 480 1706; x_wconf 89' lang='lat' dir='ltr'><strong>coniunctissime</strong></span> <span class='ocrx_word' id='word_1_109' title='bbox 507 1643 541 1704; x_wconf 89' lang='lat' dir='ltr'><strong>et</strong></span> <span class='ocrx_word' id='word_1_110' title='bbox 567 1639 786 1705; x_wconf 86' lang='lat' dir='ltr'><strong>amantissime</strong></span> <span class='ocrx_word' id='word_1_111' title='bbox 814 1639 954 1724; x_wconf 81' lang='lat' dir='ltr'><strong>vixerat,</strong></span> <span class='ocrx_word' id='word_1_112' title='bbox 986 1646 1107 1724; x_wconf 90' lang='lat' dir='ltr'><strong>quanta</strong></span> <span class='ocrx_word' id='word_1_113' title='bbox 1134 1647 1219 1707; x_wconf 91' lang='lat' dir='ltr'><strong>esset</strong></span> 
     </span>
    </p>

    <p class='ocr_par' dir='ltr' id='par_1_5' title="bbox 181 1727 1253 2166">
     <span class='ocr_line' id='line_1_16' title="bbox 181 1727 1253 1812; baseline 0.001 -25"><span class='ocrx_word' id='word_1_114' title='bbox 181 1746 206 1787; x_wconf 81' lang='lat' dir='ltr'><strong>u</strong></span> <span class='ocrx_word' id='word_1_115' title='bbox 219 1727 386 1793; x_wconf 89' lang='lat' dir='ltr'><strong>hominum</strong></span> <span class='ocrx_word' id='word_1_116' title='bbox 408 1729 460 1792; x_wconf 85' lang='lat' dir='ltr'><strong>vel</strong></span> <span class='ocrx_word' id='word_1_117' title='bbox 480 1727 650 1793; x_wconf 87' lang='lat' dir='ltr'><strong>admiratio</strong></span> <span class='ocrx_word' id='word_1_118' title='bbox 663 1729 716 1794; x_wconf 84' lang='lat' dir='ltr'><strong>vel</strong></span> <span class='ocrx_word' id='word_1_119' title='bbox 730 1727 883 1811; x_wconf 82' lang='lat' dir='ltr'><strong>querella</strong></span> <span class='ocrx_word' id='word_1_120' title='bbox 914 1728 1028 1812; x_wconf 86' lang='lat' dir='ltr'><strong>Itaque</strong></span> <span class='ocrx_word' id='word_1_121' title='bbox 1042 1732 1113 1793; x_wconf 93' lang='lat' dir='ltr'><strong>tum</strong></span> <span class='ocrx_word' id='word_1_122' title='bbox 1127 1728 1253 1794; x_wconf 79' lang='lat' dir='ltr'><strong>Scae-s</strong></span> 
     </span>
     <span class='ocr_line' id='line_1_17' title="bbox 220 1815 1220 1901; baseline 0 -20"><span class='ocrx_word' id='word_1_123' title='bbox 220 1817 295 1882; x_wconf 87' lang='lat' dir='ltr'><strong>vola</strong></span> <span class='ocrx_word' id='word_1_124' title='bbox 312 1837 386 1880; x_wconf 89' lang='lat' dir='ltr'><strong>cum</strong></span> <span class='ocrx_word' id='word_1_125' title='bbox 398 1815 433 1879; x_wconf 92' lang='lat' dir='ltr'><strong>in</strong></span> <span class='ocrx_word' id='word_1_126' title='bbox 451 1837 523 1880; x_wconf 90' lang='lat' dir='ltr'><strong>eam</strong></span> <span class='ocrx_word' id='word_1_127' title='bbox 540 1816 646 1900; x_wconf 90' lang='lat' dir='ltr'><strong>ipsam</strong></span> <span class='ocrx_word' id='word_1_128' title='bbox 663 1816 860 1881; x_wconf 88' lang='lat' dir='ltr'><strong>mentionem</strong></span> <span class='ocrx_word' id='word_1_129' title='bbox 875 1816 1049 1900; x_wconf 89' lang='lat' dir='ltr'><strong>incidisset,</strong></span> <span class='ocrx_word' id='word_1_130' title='bbox 1071 1818 1220 1901; x_wconf 84' lang='lat' dir='ltr'><strong>exposuit</strong></span> 
     </span>
     <span class='ocr_line' id='line_1_18' title="bbox 219 1903 1218 1971; baseline 0.002 -3"><span class='ocrx_word' id='word_1_131' title='bbox 219 1905 313 1969; x_wconf 90' lang='lat' dir='ltr'><strong>nobis</strong></span> <span class='ocrx_word' id='word_1_132' title='bbox 343 1925 523 1969; x_wconf 88' lang='lat' dir='ltr'><strong>sermonem</strong></span> <span class='ocrx_word' id='word_1_133' title='bbox 545 1903 637 1969; x_wconf 89' lang='lat' dir='ltr'><strong>Laeli</strong></span> <span class='ocrx_word' id='word_1_134' title='bbox 670 1903 708 1968; x_wconf 92' lang='lat' dir='ltr'><strong>de</strong></span> <span class='ocrx_word' id='word_1_135' title='bbox 741 1903 884 1969; x_wconf 89' lang='lat' dir='ltr'><strong>amicitia</strong></span> <span class='ocrx_word' id='word_1_136' title='bbox 909 1903 1058 1968; x_wconf 92' lang='lat' dir='ltr'><strong>habitum</strong></span> <span class='ocrx_word' id='word_1_137' title='bbox 1092 1905 1133 1969; x_wconf 90' lang='lat' dir='ltr'><strong>ab</strong></span> <span class='ocrx_word' id='word_1_138' title='bbox 1159 1905 1218 1971; x_wconf 93' lang='lat' dir='ltr'><strong>illo</strong></span> 
     </span>
     <span class='ocr_line' id='line_1_19' title="bbox 220 1989 1219 2078; baseline 0.001 -21"><span class='ocrx_word' id='word_1_139' title='bbox 220 2013 327 2057; x_wconf 89' lang='lat' dir='ltr'><strong>secum</strong></span> <span class='ocrx_word' id='word_1_140' title='bbox 359 1995 393 2056; x_wconf 90' lang='lat' dir='ltr'><strong>ct</strong></span> <span class='ocrx_word' id='word_1_141' title='bbox 425 2013 497 2058; x_wconf 92' lang='lat' dir='ltr'><strong>cum</strong></span> <span class='ocrx_word' id='word_1_142' title='bbox 525 1993 628 2056; x_wconf 89' lang='lat' dir='ltr'><strong>altero</strong></span> <span class='ocrx_word' id='word_1_143' title='bbox 658 2013 786 2078; x_wconf 81' lang='lat' dir='ltr'><strong>genero,</strong></span> <span class='ocrx_word' id='word_1_144' title='bbox 816 1989 1219 2078; x_wconf 60' lang='lat' dir='ltr'><strong>demonstrasse,</strong></span> 
     </span>
     <span class='ocr_line' id='line_1_20' title="bbox 220 2079 1219 2166; baseline 0.002 -21"><span class='ocrx_word' id='word_1_145' title='bbox 220 2081 331 2166; x_wconf 89' lang='lat' dir='ltr'><strong>paucis</strong></span> <span class='ocrx_word' id='word_1_146' title='bbox 354 2079 465 2145; x_wconf 87' lang='lat' dir='ltr'><strong>diebus</strong></span> <span class='ocrx_word' id='word_1_147' title='bbox 488 2085 563 2165; x_wconf 91' lang='lat' dir='ltr'><strong>post</strong></span> <span class='ocrx_word' id='word_1_148' title='bbox 586 2084 723 2145; x_wconf 91' lang='lat' dir='ltr'><strong>mortem</strong></span> <span class='ocrx_word' id='word_1_149' title='bbox 746 2080 900 2146; x_wconf 88' lang='lat' dir='ltr'><strong>Africani.</strong></span> <span class='ocrx_word' id='word_1_150' title='bbox 929 2080 1008 2146; x_wconf 80' lang='lat' dir='ltr'><strong>Eius</strong></span> <span class='ocrx_word' id='word_1_151' title='bbox 1029 2082 1219 2166; x_wconf 90' lang='lat' dir='ltr'><strong>disputatio·</strong></span> 
     </span>
    </p>

    <p class='ocr_par' dir='ltr' id='par_1_6' title="bbox 181 2168 1219 2590">
     <span class='ocr_line' id='line_1_21' title="bbox 181 2168 1219 2252; baseline 0.006 -24"><span class='ocrx_word' id='word_1_152' title='bbox 181 2187 207 2227; x_wconf 83' lang='lat' dir='ltr'><strong>sc</strong></span> <span class='ocrx_word' id='word_1_153' title='bbox 220 2169 271 2233; x_wconf 91' lang='lat' dir='ltr'><strong>nis</strong></span> <span class='ocrx_word' id='word_1_154' title='bbox 294 2169 471 2233; x_wconf 89' lang='lat' dir='ltr'><strong>sententias</strong></span> <span class='ocrx_word' id='word_1_155' title='bbox 495 2168 667 2233; x_wconf 89' lang='lat' dir='ltr'><strong>memoriae</strong></span> <span class='ocrx_word' id='word_1_156' title='bbox 689 2168 849 2252; x_wconf 83' lang='lat' dir='ltr'><strong>mandavi,</strong></span> <span class='ocrx_word' id='word_1_157' title='bbox 872 2191 951 2252; x_wconf 91' lang='lat' dir='ltr'><strong>quas</strong></span> <span class='ocrx_word' id='word_1_158' title='bbox 974 2170 1036 2234; x_wconf 89' lang='lat' dir='ltr'><strong>hoc</strong></span> <span class='ocrx_word' id='word_1_159' title='bbox 1058 2169 1143 2234; x_wconf 89' lang='lat' dir='ltr'><strong>libro</strong></span> <span class='ocrx_word' id='word_1_160' title='bbox 1168 2193 1219 2235; x_wconf 90' lang='lat' dir='ltr'><strong>ex·</strong></span> 
     </span>
     <span class='ocr_line' id='line_1_22' title="bbox 220 2256 1218 2341; baseline 0.001 -20"><span class='ocrx_word' id='word_1_161' title='bbox 220 2258 313 2341; x_wconf 89' lang='lat' dir='ltr'><strong>posui</strong></span> <span class='ocrx_word' id='word_1_162' title='bbox 337 2257 498 2321; x_wconf 89' lang='lat' dir='ltr'><strong>arbitratu</strong></span> <span class='ocrx_word' id='word_1_163' title='bbox 519 2279 608 2339; x_wconf 82' lang='lat' dir='ltr'><strong>mec3</strong></span> <span class='ocrx_word' id='word_1_164' title='bbox 631 2256 723 2339; x_wconf 90' lang='lat' dir='ltr'><strong>quasi</strong></span> <span class='ocrx_word' id='word_1_165' title='bbox 746 2258 831 2321; x_wconf 87' lang='lat' dir='ltr'><strong>enirn</strong></span> <span class='ocrx_word' id='word_1_166' title='bbox 852 2257 941 2340; x_wconf 89' lang='lat' dir='ltr'><strong>ipsos</strong></span> <span class='ocrx_word' id='word_1_167' title='bbox 959 2256 1069 2320; x_wconf 88' lang='lat' dir='ltr'><strong>induxi</strong></span> <span class='ocrx_word' id='word_1_168' title='bbox 1087 2258 1218 2340; x_wconf 92' lang='lat' dir='ltr'><strong>loquen-</strong></span> 
     </span>
     <span class='ocr_line' id='line_1_23' title="bbox 221 2343 1219 2429; baseline 0.001 -20"><span class='ocrx_word' id='word_1_169' title='bbox 221 2348 280 2428; x_wconf 89' lang='lat' dir='ltr'><strong>tes,</strong></span> <span class='ocrx_word' id='word_1_170' title='bbox 301 2366 342 2409; x_wconf 92' lang='lat' dir='ltr'><strong>ne</strong></span> <span class='ocrx_word' id='word_1_171' title='bbox 365 2343 542 2428; x_wconf 70' lang='lat' dir='ltr'><strong>‘inquam&#39;</strong></span> <span class='ocrx_word' id='word_1_172' title='bbox 565 2348 599 2410; x_wconf 92' lang='lat' dir='ltr'><strong>et</strong></span> <span class='ocrx_word' id='word_1_173' title='bbox 627 2344 778 2429; x_wconf 68' lang='lat' dir='ltr'><strong>‘inquit’</strong></span> <span class='ocrx_word' id='word_1_174' title='bbox 802 2344 929 2428; x_wconf 88' lang='lat' dir='ltr'><strong>saepius</strong></span> <span class='ocrx_word' id='word_1_175' title='bbox 952 2344 1219 2429; x_wconf 85' lang='lat' dir='ltr'><strong>interponeretur,</strong></span> 
     </span>
     <span class='ocr_line' id='line_1_24' title="bbox 222 2436 1219 2581; baseline 0.006 -89"><span class='ocrx_word' id='word_1_176' title='bbox 222 2437 318 2581; x_wconf 54' lang='lat' dir='ltr'><strong>atgue</strong></span> <span class='ocrx_word' id='word_1_177' title='bbox 337 2437 374 2496; x_wconf 93' lang='lat' dir='ltr'><strong>ut</strong></span> <span class='ocrx_word' id='word_1_178' title='bbox 392 2437 558 2517; x_wconf 88' lang='lat' dir='ltr'><strong>tamquam</strong></span> <span class='ocrx_word' id='word_1_179' title='bbox 576 2459 596 2499; x_wconf 92' lang='lat' dir='ltr'><strong>a</strong></span> <span class='ocrx_word' id='word_1_180' title='bbox 613 2436 837 2520; x_wconf 85' lang='lat' dir='ltr'><strong>praesentibus</strong></span> <span class='ocrx_word' id='word_1_181' title='bbox 857 2459 965 2502; x_wconf 90' lang='lat' dir='ltr'><strong>coram</strong></span> <span class='ocrx_word' id='word_1_182' title='bbox 981 2438 1096 2501; x_wconf 89' lang='lat' dir='ltr'><strong>haberi</strong></span> <span class='ocrx_word' id='word_1_183' title='bbox 1113 2456 1219 2500; x_wconf 87' lang='lat' dir='ltr'><strong>sermo</strong></span> 
     </span>
     <span class='ocr_line' id='line_1_25' title="bbox 222 2516 653 2590; baseline 0.007 -9"><span class='ocrx_word' id='word_1_184' title='bbox 222 2516 391 2584; x_wconf 82' lang='lat' dir='ltr'><strong>vieretur.</strong></span> <span class='ocrx_word' id='word_1_185' title='bbox 644 2578 653 2590; x_wconf 84' lang='lat'>‚</span> 
     </span>
    </p>

    <p class='ocr_par' dir='ltr' id='par_1_7' title="bbox 183 2607 1255 3047">
     <span class='ocr_line' id='line_1_26' title="bbox 183 2607 1255 2695; baseline 0.002 -21"><span class='ocrx_word' id='word_1_186' title='bbox 183 2627 210 2669; x_wconf 73' lang='lat' dir='ltr'><strong>ss</strong></span> <span class='ocrx_word' id='word_1_187' title='bbox 289 2607 371 2674; x_wconf 81' lang='lat' dir='ltr'><strong>Cum</strong></span> <span class='ocrx_word' id='word_1_188' title='bbox 402 2610 487 2675; x_wconf 87' lang='lat' dir='ltr'><strong>enim</strong></span> <span class='ocrx_word' id='word_1_189' title='bbox 514 2631 608 2695; x_wconf 88' lang='lat' dir='ltr'><strong>saepe</strong></span> <span class='ocrx_word' id='word_1_190' title='bbox 635 2631 760 2674; x_wconf 86' lang='lat' dir='ltr'><strong>mecum</strong></span> <span class='ocrx_word' id='word_1_191' title='bbox 788 2630 912 2695; x_wconf 82' lang='lat' dir='ltr'><strong>ageres,</strong></span> <span class='ocrx_word' id='word_1_192' title='bbox 944 2614 981 2674; x_wconf 92' lang='lat' dir='ltr'><strong>ut</strong></span> <span class='ocrx_word' id='word_1_193' title='bbox 1012 2610 1051 2674; x_wconf 96' lang='lat' dir='ltr'><strong>de</strong></span> <span class='ocrx_word' id='word_1_194' title='bbox 1078 2610 1255 2677; x_wconf 75' lang='lat' dir='ltr'><strong>amicitias</strong></span> 
     </span>
     <span class='ocr_line' id='line_1_27' title="bbox 224 2696 1221 2785; baseline 0.001 -22"><span class='ocrx_word' id='word_1_195' title='bbox 224 2698 396 2763; x_wconf 74' lang='lat' dir='ltr'><strong>scriberem</strong></span> <span class='ocrx_word' id='word_1_196' title='bbox 419 2697 549 2782; x_wconf 92' lang='lat' dir='ltr'><strong>aliquid,</strong></span> <span class='ocrx_word' id='word_1_197' title='bbox 572 2697 670 2783; x_wconf 81' lang='lat' dir='ltr'><strong>digna</strong></span> <span class='ocrx_word' id='word_1_198' title='bbox 689 2696 771 2761; x_wconf 85' lang='lat' dir='ltr'><strong>milri</strong></span> <span class='ocrx_word' id='word_1_199' title='bbox 792 2719 844 2761; x_wconf 91' lang='lat' dir='ltr'><strong>res</strong></span> <span class='ocrx_word' id='word_1_200' title='bbox 862 2720 934 2763; x_wconf 91' lang='lat' dir='ltr'><strong>cum</strong></span> <span class='ocrx_word' id='word_1_201' title='bbox 952 2698 1096 2763; x_wconf 91' lang='lat' dir='ltr'><strong>omnium</strong></span> <span class='ocrx_word' id='word_1_202' title='bbox 1113 2700 1221 2785; x_wconf 84' lang='lat' dir='ltr'><strong>cogni-</strong></span> 
     </span>
     <span class='ocr_line' id='line_1_28' title="bbox 223 2784 1221 2870; baseline 0.001 -20"><span class='ocrx_word' id='word_1_203' title='bbox 223 2786 321 2870; x_wconf 91' lang='lat' dir='ltr'><strong>tione,</strong></span> <span class='ocrx_word' id='word_1_204' title='bbox 342 2789 414 2849; x_wconf 92' lang='lat' dir='ltr'><strong>tum</strong></span> <span class='ocrx_word' id='word_1_205' title='bbox 435 2789 548 2851; x_wconf 90' lang='lat' dir='ltr'><strong>nostra</strong></span> <span class='ocrx_word' id='word_1_206' title='bbox 569 2784 791 2850; x_wconf 86' lang='lat' dir='ltr'><strong>familiaritate</strong></span> <span class='ocrx_word' id='word_1_207' title='bbox 819 2786 889 2850; x_wconf 87' lang='lat' dir='ltr'><strong>visa</strong></span> <span class='ocrx_word' id='word_1_208' title='bbox 915 2789 974 2850; x_wconf 89' lang='lat' dir='ltr'><strong>est.</strong></span> <span class='ocrx_word' id='word_1_209' title='bbox 1018 2785 1133 2870; x_wconf 89' lang='lat' dir='ltr'><strong>Itaque</strong></span> <span class='ocrx_word' id='word_1_210' title='bbox 1158 2788 1221 2853; x_wconf 89' lang='lat' dir='ltr'><strong>feci</strong></span> 
     </span>
     <span class='ocr_line' id='line_1_29' title="bbox 223 2871 1221 2960; baseline 0.002 -23"><span class='ocrx_word' id='word_1_211' title='bbox 223 2895 290 2938; x_wconf 92' lang='lat' dir='ltr'><strong>non</strong></span> <span class='ocrx_word' id='word_1_212' title='bbox 310 2873 441 2958; x_wconf 81' lang='lat' dir='ltr'><strong>invitus,</strong></span> <span class='ocrx_word' id='word_1_213' title='bbox 463 2879 500 2938; x_wconf 92' lang='lat' dir='ltr'><strong>ut</strong></span> <span class='ocrx_word' id='word_1_214' title='bbox 522 2874 709 2958; x_wconf 86' lang='lat' dir='ltr'><strong>prodessem</strong></span> <span class='ocrx_word' id='word_1_215' title='bbox 732 2873 845 2938; x_wconf 91' lang='lat' dir='ltr'><strong>multis</strong></span> <span class='ocrx_word' id='word_1_216' title='bbox 866 2877 984 2960; x_wconf 85' lang='lat' dir='ltr'><strong>rogatu</strong></span> <span class='ocrx_word' id='word_1_217' title='bbox 1001 2878 1068 2939; x_wconf 89' lang='lat' dir='ltr'><strong>tuo.</strong></span> <span class='ocrx_word' id='word_1_218' title='bbox 1100 2871 1162 2939; x_wconf 84' lang='lat' dir='ltr'><strong>Sed</strong></span> <span class='ocrx_word' id='word_1_219' title='bbox 1183 2879 1221 2939; x_wconf 91' lang='lat' dir='ltr'><strong>ut</strong></span> 
     </span>
     <span class='ocr_line' id='line_1_30' title="bbox 223 2959 1220 3047; baseline 0.002 -22"><span class='ocrx_word' id='word_1_220' title='bbox 223 2962 259 3025; x_wconf 92' lang='lat' dir='ltr'><strong>in</strong></span> <span class='ocrx_word' id='word_1_221' title='bbox 287 2959 408 3026; x_wconf 76' lang='lat' dir='ltr'><strong>(latone</strong></span> <span class='ocrx_word' id='word_1_222' title='bbox 430 2961 566 3046; x_wconf 85' lang='lat' dir='ltr'><strong>Maiore,</strong></span> <span class='ocrx_word' id='word_1_223' title='bbox 597 2961 653 3046; x_wconf 91' lang='lat' dir='ltr'><strong>qui</strong></span> <span class='ocrx_word' id='word_1_224' title='bbox 679 2965 729 3026; x_wconf 88' lang='lat' dir='ltr'><strong>est</strong></span> <span class='ocrx_word' id='word_1_225' title='bbox 757 2962 895 3047; x_wconf 89' lang='lat' dir='ltr'><strong>scriptus</strong></span> <span class='ocrx_word' id='word_1_226' title='bbox 923 2962 963 3027; x_wconf 92' lang='lat' dir='ltr'><strong>ad</strong></span> <span class='ocrx_word' id='word_1_227' title='bbox 989 2965 1022 3027; x_wconf 92' lang='lat' dir='ltr'><strong>te</strong></span> <span class='ocrx_word' id='word_1_228' title='bbox 1050 2962 1088 3028; x_wconf 91' lang='lat' dir='ltr'><strong>de</strong></span> <span class='ocrx_word' id='word_1_229' title='bbox 1115 2984 1220 3027; x_wconf 85' lang='lat' dir='ltr'><strong>senec·</strong></span> 
     </span>
    </p>

    <p class='ocr_par' dir='ltr' id='par_1_8' title="bbox 183 3047 1221 3488">
     <span class='ocr_line' id='line_1_31' title="bbox 183 3047 1220 3135; baseline 0.004 -26"><span class='ocrx_word' id='word_1_230' title='bbox 183 3066 210 3109; x_wconf 83' lang='lat' dir='ltr'><strong>sc</strong></span> <span class='ocrx_word' id='word_1_231' title='bbox 223 3053 307 3133; x_wconf 87' lang='lat' dir='ltr'><strong>tute,</strong></span> <span class='ocrx_word' id='word_1_232' title='bbox 334 3047 491 3115; x_wconf 75' lang='lat' dir='ltr'><strong>Catonem</strong></span> <span class='ocrx_word' id='word_1_233' title='bbox 510 3050 621 3115; x_wconf 85' lang='lat' dir='ltr'><strong>induxi</strong></span> <span class='ocrx_word' id='word_1_234' title='bbox 643 3071 752 3115; x_wconf 88' lang='lat' dir='ltr'><strong>senem</strong></span> <span class='ocrx_word' id='word_1_235' title='bbox 776 3050 1008 3135; x_wconf 83' lang='lat' dir='ltr'><strong>disputantem,</strong></span> <span class='ocrx_word' id='word_1_236' title='bbox 1031 3051 1107 3135; x_wconf 90' lang='lat' dir='ltr'><strong>quia</strong></span> <span class='ocrx_word' id='word_1_237' title='bbox 1129 3051 1220 3115; x_wconf 90' lang='lat' dir='ltr'><strong>nulla</strong></span> 
     </span>
     <span class='ocr_line' id='line_1_32' title="bbox 223 3138 1221 3224; baseline 0 -22"><span class='ocrx_word' id='word_1_238' title='bbox 223 3138 393 3203; x_wconf 85' lang='lat' dir='ltr'><strong>videbatur</strong></span> <span class='ocrx_word' id='word_1_239' title='bbox 416 3138 523 3222; x_wconf 90' lang='lat' dir='ltr'><strong>aptior</strong></span> <span class='ocrx_word' id='word_1_240' title='bbox 544 3159 691 3224; x_wconf 88' lang='lat' dir='ltr'><strong>persona,</strong></span> <span class='ocrx_word' id='word_1_241' title='bbox 715 3160 796 3222; x_wconf 90' lang='lat' dir='ltr'><strong>quae</strong></span> <span class='ocrx_word' id='word_1_242' title='bbox 819 3139 857 3203; x_wconf 88' lang='lat' dir='ltr'><strong>dc</strong></span> <span class='ocrx_word' id='word_1_243' title='bbox 876 3138 935 3202; x_wconf 86' lang='lat' dir='ltr'><strong>illa</strong></span> <span class='ocrx_word' id='word_1_244' title='bbox 953 3143 1059 3204; x_wconf 90' lang='lat' dir='ltr'><strong>aetate</strong></span> <span class='ocrx_word' id='word_1_245' title='bbox 1077 3139 1221 3222; x_wconf 91' lang='lat' dir='ltr'><strong>loquere-</strong></span> 
     </span>
     <span class='ocr_line' id='line_1_33' title="bbox 223 3226 1221 3310; baseline -0.001 -20"><span class='ocrx_word' id='word_1_246' title='bbox 223 3231 290 3308; x_wconf 89' lang='lat' dir='ltr'><strong>tur,</strong></span> <span class='ocrx_word' id='word_1_247' title='bbox 314 3248 411 3309; x_wconf 90' lang='lat' dir='ltr'><strong>quam</strong></span> <span class='ocrx_word' id='word_1_248' title='bbox 434 3226 515 3310; x_wconf 88' lang='lat' dir='ltr'><strong>eius,</strong></span> <span class='ocrx_word' id='word_1_249' title='bbox 538 3226 649 3310; x_wconf 88' lang='lat' dir='ltr'><strong>quiet</strong></span> <span class='ocrx_word' id='word_1_250' title='bbox 672 3227 851 3291; x_wconf 89' lang='lat' dir='ltr'><strong>diutissime</strong></span> <span class='ocrx_word' id='word_1_251' title='bbox 875 3248 970 3290; x_wconf 88' lang='lat' dir='ltr'><strong>senex</strong></span> <span class='ocrx_word' id='word_1_252' title='bbox 992 3226 1107 3292; x_wconf 91' lang='lat' dir='ltr'><strong>fuisset</strong></span> <span class='ocrx_word' id='word_1_253' title='bbox 1130 3229 1163 3290; x_wconf 90' lang='lat' dir='ltr'><strong>et</strong></span> <span class='ocrx_word' id='word_1_254' title='bbox 1186 3226 1221 3289; x_wconf 91' lang='lat' dir='ltr'><strong>in</strong></span> 
     </span>
     <span class='ocr_line' id='line_1_34' title="bbox 223 3314 1221 3400; baseline -0.003 -21"><span class='ocrx_word' id='word_1_255' title='bbox 223 3315 294 3399; x_wconf 90' lang='lat' dir='ltr'><strong>ipsa</strong></span> <span class='ocrx_word' id='word_1_256' title='bbox 317 3319 479 3380; x_wconf 89' lang='lat' dir='ltr'><strong>senectute</strong></span> <span class='ocrx_word' id='word_1_257' title='bbox 501 3318 630 3400; x_wconf 88' lang='lat' dir='ltr'><strong>praeter</strong></span> <span class='ocrx_word' id='word_1_258' title='bbox 653 3319 776 3380; x_wconf 90' lang='lat' dir='ltr'><strong>ceteros</strong></span> <span class='ocrx_word' id='word_1_259' title='bbox 799 3314 970 3397; x_wconf 88' lang='lat' dir='ltr'><strong>floruisset,</strong></span> <span class='ocrx_word' id='word_1_260' title='bbox 994 3315 1052 3399; x_wconf 90' lang='lat' dir='ltr'><strong>sic,</strong></span> <span class='ocrx_word' id='word_1_261' title='bbox 1076 3335 1148 3378; x_wconf 87' lang='lat' dir='ltr'><strong>cum</strong></span> <span class='ocrx_word' id='word_1_262' title='bbox 1172 3334 1221 3377; x_wconf 88' lang='lat' dir='ltr'><strong>ac·</strong></span> 
     </span>
     <span class='ocr_line' id='line_1_35' title="bbox 223 3398 1219 3488; baseline -0.003 -21"><span class='ocrx_word' id='word_1_263' title='bbox 223 3402 416 3487; x_wconf 82' lang='lat' dir='ltr'><strong>cepissemus</strong></span> <span class='ocrx_word' id='word_1_264' title='bbox 442 3426 462 3468; x_wconf 97' lang='lat' dir='ltr'><strong>a</strong></span> <span class='ocrx_word' id='word_1_265' title='bbox 483 3402 631 3488; x_wconf 89' lang='lat' dir='ltr'><strong>patribus</strong></span> <span class='ocrx_word' id='word_1_266' title='bbox 654 3402 793 3467; x_wconf 87' lang='lat' dir='ltr'><strong>maxime</strong></span> <span class='ocrx_word' id='word_1_267' title='bbox 815 3403 1057 3467; x_wconf 86' lang='lat' dir='ltr'><strong>memorabilem</strong></span> <span class='ocrx_word' id='word_1_268' title='bbox 1076 3398 1110 3467; x_wconf 86' lang='lat' dir='ltr'><strong>O.</strong></span> <span class='ocrx_word' id='word_1_269' title='bbox 1128 3400 1219 3465; x_wconf 90' lang='lat' dir='ltr'><strong>Laeli</strong></span> 
     </span>
    </p>

    <p class='ocr_par' dir='ltr' id='par_1_9' title="bbox 183 3488 1221 3663">
     <span class='ocr_line' id='line_1_36' title="bbox 183 3488 1221 3576; baseline -0.001 -21"><span class='ocrx_word' id='word_1_270' title='bbox 183 3506 209 3549; x_wconf 76' lang='lat'><strong>⁸⁶</strong></span> <span class='ocrx_word' id='word_1_271' title='bbox 223 3494 256 3555; x_wconf 89' lang='lat' dir='ltr'><strong>et</strong></span> <span class='ocrx_word' id='word_1_272' title='bbox 291 3490 326 3556; x_wconf 93' lang='lat' dir='ltr'><strong>P.</strong></span> <span class='ocrx_word' id='word_1_273' title='bbox 356 3489 514 3576; x_wconf 85' lang='lat' dir='ltr'><strong>Scipionis</strong></span> <span class='ocrx_word' id='word_1_274' title='bbox 549 3490 807 3555; x_wconf 89' lang='lat' dir='ltr'><strong>familiaritatem</strong></span> <span class='ocrx_word' id='word_1_275' title='bbox 841 3491 955 3572; x_wconf 88' lang='lat' dir='ltr'><strong>fuisse,</strong></span> <span class='ocrx_word' id='word_1_276' title='bbox 990 3490 1105 3554; x_wconf 90' lang='lat' dir='ltr'><strong>idonea</strong></span> <span class='ocrx_word' id='word_1_277' title='bbox 1140 3488 1221 3554; x_wconf 92' lang='lat' dir='ltr'><strong>mihi</strong></span> 
     </span>
     <span class='ocr_line' id='line_1_37' title="bbox 222 3576 1220 3663; baseline -0.002 -19"><span class='ocrx_word' id='word_1_278' title='bbox 222 3577 312 3645; x_wconf 88' lang='lat' dir='ltr'><strong>Laeli</strong></span> <span class='ocrx_word' id='word_1_279' title='bbox 334 3601 472 3663; x_wconf 89' lang='lat' dir='ltr'><strong>persona</strong></span> <span class='ocrx_word' id='word_1_280' title='bbox 494 3580 565 3644; x_wconf 83' lang='lat' dir='ltr'><strong>visa</strong></span> <span class='ocrx_word' id='word_1_281' title='bbox 588 3582 653 3662; x_wconf 92' lang='lat' dir='ltr'><strong>est,</strong></span> <span class='ocrx_word' id='word_1_282' title='bbox 681 3600 764 3661; x_wconf 93' lang='lat' dir='ltr'><strong>quae</strong></span> <span class='ocrx_word' id='word_1_283' title='bbox 786 3579 825 3644; x_wconf 89' lang='lat' dir='ltr'><strong>de</strong></span> <span class='ocrx_word' id='word_1_284' title='bbox 847 3576 990 3643; x_wconf 89' lang='lat' dir='ltr'><strong>amicitia</strong></span> <span class='ocrx_word' id='word_1_285' title='bbox 1012 3600 1050 3641; x_wconf 91' lang='lat' dir='ltr'><strong>ea</strong></span> <span class='ocrx_word' id='word_1_286' title='bbox 1068 3577 1141 3662; x_wconf 90' lang='lat' dir='ltr'><strong>ipsa</strong></span> <span class='ocrx_word' id='word_1_287' title='bbox 1159 3577 1220 3642; x_wconf 91' lang='lat' dir='ltr'><strong>dis·</strong></span> 
     </span>
    </p>
   </div>
   <div class='ocr_carea' id='block_1_3' title="bbox 222 3663 1249 3815">
    <p class='ocr_par' dir='ltr' id='par_1_10' title="bbox 222 3663 1249 3815">
     <span class='ocr_line' id='line_1_38' title="bbox 222 3663 1249 3752; baseline -0.015 -19"><span class='ocrx_word' id='word_1_288' title='bbox 222 3671 358 3752; x_wconf 87' lang='lat' dir='ltr'><strong>sereret,</strong></span> <span class='ocrx_word' id='word_1_289' title='bbox 390 3688 471 3751; x_wconf 88' lang='lat' dir='ltr'><strong>quae</strong></span> <span class='ocrx_word' id='word_1_290' title='bbox 501 3667 664 3752; x_wconf 89' lang='lat' dir='ltr'><strong>disputata</strong></span> <span class='ocrx_word' id='word_1_291' title='bbox 696 3668 736 3732; x_wconf 91' lang='lat' dir='ltr'><strong>ab</strong></span> <span class='ocrx_word' id='word_1_292' title='bbox 765 3688 805 3732; x_wconf 83' lang='lat' dir='ltr'><strong>co</strong></span> <span class='ocrx_word' id='word_1_293' title='bbox 830 3664 1044 3731; x_wconf 64' lang='lat' dir='ltr'><strong>meminisset</strong></span> <span class='ocrx_word' id='word_1_294' title='bbox 1059 3663 1249 3725; x_wconf 49' lang='lat' dir='ltr'><strong>besam</strong></span> 
     </span>
     <span class='ocr_line' id='line_1_39' title="bbox 982 3763 1042 3815; baseline -0.017 0"><span class='ocrx_word' id='word_1_295' title='bbox 982 3763 1042 3815; x_wconf 65' lang='lat' dir='ltr'><strong>W*</strong></span> 
     </span>
    </p>
   </div>
   <div class='ocr_carea' id='block_1_4' title="bbox 0 0 1481 4150">
    <p class='ocr_par' dir='ltr' id='par_1_11' title="bbox 0 0 1481 4150">
     <span class='ocr_line' id='line_1_40' title="bbox 0 0 1481 4150; baseline 0 0"><span class='ocrx_word' id='word_1_296' title='bbox 0 0 1481 4150; x_wconf 95' lang='lat' dir='ltr'><strong> </strong></span> 
     </span>
    </p>
   </div>
  </div>
 </body>
</html>
