2950 4150
519 315 728 374 cAP.11-1a.
766 323 913 382 sar-rr.
1157 315 1220 380 17?

213 501 351 565 poenam
366 477 436 543 Tib.
451 476 590 544 Gracchi
608 478 834 562 sustinuimus3
853 478 891 543 de
905 475 940 543 Ο.
955 477 1092 544 Gracchi
1112 482 1222 544 autem

213 568 383 633 tribunatu
407 565 483 650 quid
506 570 681 652 expectem,
705 589 771 632 non
794 567 885 631 lubet
908 567 1069 652 augurari.
1114 565 1223 651 Serpit

212 657 236 738 †
259 655 372 720 deinde
395 676 456 738 res,
480 676 562 738 quae
584 655 737 738 proclivis
762 655 803 720 ad
825 655 1007 740 perniciem,
1030 677 1103 721 cum
1121 656 1222 720 semel

213 744 333 829 coepit,
360 743 492 808 labitur.
536 741 678 828 Videtis,
705 744 740 808 in
767 744 890 808 tabella
912 744 978 808 iam
1001 749 1076 809 ante
1100 748 1221 828 quanta

187 833 257 898 ssit
284 831 373 898 facta
401 831 506 914 labes,
535 832 641 916 primo
670 831 810 897 Gabinia
838 833 923 918 lege,
955 832 1085 898 biennio
1113 838 1221 898 autem

213 925 289 1007 post
316 917 439 985 Cassia
483 917 601 984 Videre
631 920 696 985 iam
724 921 836 985 videor
867 922 1024 1006 populum
1056 944 1075 986 a
1107 925 1221 986 senatu

214 1008 423 1090 disiunctum,
460 1007 678 1073 multitudinis
715 1009 852 1074 arbitrio
884 1031 936 1074 res
969 1009 1125 1075 maximas
1158 1011 1221 1095 agi.

213 1097 327 1163 Plures
360 1096 447 1162 enim
479 1096 620 1181 discent,
659 1119 755 1182 quem
787 1098 828 1162 ad
859 1098 990 1163 modum
1021 1099 1100 1163 haec
1132 1098 1222 1182 fiant,

216 1208 313 1270 quam
332 1207 428 1270 quem
447 1185 488 1249 ad
506 1185 637 1250 modum
655 1185 695 1251 iis
719 1186 899 1251 resistatur.
937 1184 1096 1261 Quorsum
1120 1186 1221 1251 haec?
1240 1202 1275 1251 4¹

177 1292 202 1332 ιο
216 1272 299 1348 Quia
321 1274 390 1338 sine
414 1273 508 1340 sociis
532 1295 627 1339 nemo
651 1275 824 1359 quicquam
846 1275 913 1339 tale
941 1280 1083 1339 conatur.
1128 1275 1222 1340 Prae

218 1361 399 1445 cipiendum
422 1366 472 1428 eat
494 1362 596 1447 igitur
619 1363 723 1448 bonis,
746 1367 792 1448 ut,
816 1362 843 1426 si
866 1362 900 1426 in
924 1362 991 1426 eius
1010 1363 1097 1427 modi
1116 1363 1222 1428 amici·

218 1448 282 1513 tias
309 1448 414 1534 ignari
442 1471 517 1516 casu
545 1450 654 1534 aliquo
681 1451 866 1535 inciderint,
895 1472 935 1515 ne
963 1451 1148 1516 existiment
1175 1452 1223 1515 ita

151 1567 154 1572 ·
219 1558 253 1601 se
276 1536 439 1622 alligatos,
461 1541 498 1602 ut
521 1539 562 1603 ab
587 1540 698 1604 amicis
720 1539 756 1604 in
774 1561 894 1625 magna
912 1537 1022 1622 aliqua
1039 1561 1074 1604 re
1091 1540 1222 1625 publica

217 1625 425 1710 peccantibus
447 1649 513 1691 non
532 1627 710 1712 discedant3
732 1629 879 1714 inprobis
904 1631 1011 1693 autem
1034 1649 1138 1712 poena
1159 1633 1222 1693 sta·

178 1729 202 1770 1⁶
216 1714 335 1779 tuende
358 1717 417 1798 est,
438 1737 497 1780 nec
519 1737 596 1781 vero
620 1717 726 1781 minor
748 1717 798 1801 iis,
824 1717 878 1800 qui
902 1716 1003 1781 secuti
1026 1720 1119 1780 erunt
1144 1717 1222 1781 alte·

216 1824 297 1887 rm,
320 1824 417 1888 quam
435 1803 485 1888 iis,
509 1804 564 1888 qui
581 1804 645 1889 ipsi
663 1804 785 1869 fuerint
802 1803 981 1888 impictatis
1003 1803 1107 1869 duces.
1143 1802 1221 1879 Quis

216 1891 334 1956 clarior
361 1892 396 1955 in
423 1890 559 1957 Graecia
586 1891 817 1976 Themistocle,
850 1893 921 1976 quis
948 1892 1134 1976 potentior?
1167 1893 1222 1976 qui

215 2002 288 2045 cum
311 1980 489 2063 imperator
511 1981 599 2046 bello
622 1980 752 2046 Persico
776 1979 931 2045 servitute
953 1979 1122 2046 Graeciam
1144 1981 1223 2047 libe

215 2068 355 2134 rarisset
368 2073 563 2154 propterque
579 2070 733 2136 invidiam
753 2070 787 2134 in
806 2069 937 2134 exilium
956 2070 1108 2154 expulsus
1129 2075 1224 2155 esset,

176 2175 202 2215 so
216 2159 365 2244 ingratae
383 2159 510 2242 patriae
528 2159 678 2225 iniuriam
697 2181 760 2224 non
780 2158 867 2241 tulit,
886 2180 983 2242 quam
1001 2157 1086 2223 ferre
1103 2159 1222 2242 debuit,

215 2245 292 2312 fecit
309 2246 404 2329 idem,
424 2247 509 2330 quod
527 2270 568 2311 xx
587 2248 679 2312 annis
699 2249 774 2311 ante
793 2247 878 2331 apud
896 2268 955 2309 nos
973 2245 1095 2311 iecerat
1113 2244 1222 2311 Corio-

215 2335 319 2399 lanus.
355 2333 416 2399 His
436 2335 564 2401 adiutor
583 2340 696 2401 contra
713 2335 855 2420 patriam
873 2335 1023 2398 inventus
1042 2339 1092 2398 est
1114 2356 1223 2417 nem03

214 2423 325 2507 itaque
359 2428 496 2489 mortem
529 2424 592 2489 sibi
622 2428 757 2508 uterque
790 2423 954 2489 conscivit.
1004 2420 1109 2498 Quare
1144 2423 1222 2487 talis
1242 2441 1274 2489 sa

215 2510 426 2594 inproborum
445 2514 612 2578 consensio
629 2534 695 2578 non
713 2512 809 2577 modo
833 2511 1038 2576 excusatione
1062 2511 1222 2576 amicitiae

177 2617 202 2655 as
217 2597 357 2682 tegenda
379 2603 522 2683 nonest,
545 2601 600 2665 sed
618 2601 726 2685 petius
747 2600 905 2686 supplicio
926 2600 1014 2666 omni
1031 2600 1223 2666 vindicanda

217 2688 281 2768 est,
308 2689 345 2749 ut
370 2707 411 2750 ne
439 2687 511 2770 quis
539 2709 724 2753 concessum
747 2693 840 2773 putet
863 2690 1002 2754 amicum
1024 2690 1077 2754 vel
1100 2691 1223 2754 bellum

216 2772 342 2857 patriae
373 2772 565 2839 inferentem
596 2776 700 2859 sequi,
732 2776 816 2859 quod
850 2778 993 2861 quidem,
1024 2782 1061 2843 ut
1092 2800 1144 2842 res
1176 2778 1223 2841 ire

217 2859 337 2944 coepit,
367 2861 455 2926 haud
486 2863 552 2928 scio
584 2884 625 2928 an
657 2864 830 2947 aliquando
862 2865 1007 2930 futurum
1040 2866 1091 2930 sit.
1141 2864 1221 2929 Mihi

217 2951 326 3013 autem
348 2970 415 3013 non
437 2950 555 3015 minori
577 2972 671 3016 curae
694 2955 757 3036 est,
785 2954 890 3036 qualis
917 2976 970 3018 res
993 2954 1124 3037 publica
1146 2955 1223 3037 post

177 3054 202 3094 so
216 3041 356 3103 mortem
379 3058 486 3102 meam
508 3036 631 3123 futura,
655 3062 751 3124 quam
775 3042 881 3125 qualis
904 3042 1000 3107 hodie
1023 3043 1075 3106 sit.

281 3124 371 3191 Haec
393 3125 496 3212 igitur
517 3126 623 3211 prima
645 3129 697 3194 lex
720 3129 882 3195 amicitiae
909 3131 1086 3212 sanciatur,
1115 3133 1151 3193 ut
1179 3129 1220 3192 ab
1233 3108 1274 3231 13

216 3215 327 3280 amicis
350 3215 489 3280 honesta
511 3218 673 3301 petamus,
695 3217 873 3283 amicorum
896 3241 993 3284 causa
1015 3219 1153 3283 honesta
1176 3216 1221 3281 fa·

215 3303 347 3382 ciamus,
364 3326 405 3369 ne
419 3308 639 3388 exspectemus
654 3305 792 3390 quidem,
807 3306 882 3371 dum
895 3328 1060 3393 rogemur,
1079 3305 1221 3370 studium

215 3414 342 3476 semper
373 3392 472 3477 adsit,
505 3393 666 3459 cunctatio
699 3394 802 3478 absit3
834 3396 1004 3461 consilium
1036 3415 1112 3457 vero
1146 3393 1221 3458 dare

175 3494 200 3535 κ
215 3480 389 3546 audeamus
421 3482 531 3547 libere.
585 3481 765 3547 Plurimum
796 3481 831 3547 in
866 3484 1008 3548 amicitia
1045 3482 1220 3546 amicorum

214 3568 296 3633 bene
319 3569 523 3636 suadentium
545 3571 654 3636 valeat
677 3571 869 3655 auctoritas,
892 3594 992 3655 eaque
1016 3574 1049 3635 et
1072 3569 1221 3635 adhibea-

193 3661 268 3735 tur
286 3657 327 3721 ad
346 3660 539 3725 monendum
559 3682 625 3725 non
644 3660 740 3727 modo
759 3663 884 3747 aperte,
903 3660 1083 3725 sedetiam
1096 3660 1237 3734 accitas,

261 3767 314 3810 cro
329 3770 370 3812 rr.
386 3772 402 3813 s,
545 3794 547 3799 -
1053 3763 1095 3807 xa
