2950 4150
246 322 310 388 132
487 322 580 379 CATO
598 323 716 380 MAIOR
733 323 783 379 Dll
802 322 1016 379 sensorum:

245 491 341 569 teque
363 507 429 549 non
456 494 636 572 cognomen
662 487 769 550 solum
796 485 936 550 Athenis
964 485 1167 570 deportasse,
1196 485 1251 549 sed

244 572 482 638 humanitatem
509 578 543 638 et
569 573 775 659 prudentiam
797 574 964 659 intellego.
1008 572 1053 639 Et
1080 579 1191 638 tamen
1217 578 1250 637 te

246 662 392 747 suspicor
428 661 548 727 eisdem
579 662 677 727 rebus
713 662 830 746 quibus
862 683 914 725 me
944 660 1053 746 ipsum
1089 661 1250 726 interdum

246 750 377 836 gravius
400 749 609 835 commoveri,
636 771 774 834 quarum
801 749 981 816 consolatio
1009 754 1042 814 et
1069 751 1173 815 maior
1201 755 1251 815 est

246 842 279 903 et
300 837 334 901 in
358 837 446 902 aliud
468 843 597 923 tempus
620 838 803 903 differenda.
835 837 930 902 Nunc
949 842 1058 902 autem
1075 837 1182 902 visum
1201 842 1251 902 est
1278 862 1290 901 s

185 943 226 990 rs
246 926 326 990 mihi
350 925 389 990 de
407 930 571 991 senectute
589 926 712 1010 aliquid
730 927 771 992 ad
784 931 818 990 te
832 926 1042 992 conscribere.
1074 925 1145 992 Hoc
1166 928 1251 990 enim

246 1035 355 1098 onere,
387 1014 473 1099 quod
495 1013 576 1078 mihi
602 1036 772 1080 commune
799 1018 906 1079 tecum
929 1019 993 1098 est,
1025 1019 1082 1079 aut
1107 1014 1174 1079 iam
1201 1037 1251 1079 ur-

246 1102 353 1189 gentis
368 1106 424 1167 aut
438 1107 525 1168 certe
540 1103 746 1168 adventantis
761 1101 937 1179 senectutis
950 1107 983 1166 et
997 1106 1030 1167 te
1045 1108 1078 1167 et
1090 1124 1141 1168 me
1152 1103 1251 1168 etiam

244 1193 352 1276 ipsum
375 1190 479 1255 levari
505 1192 594 1276 volo3
613 1191 688 1287 ,etsi
715 1195 749 1255 te
778 1190 908 1275 quidem
929 1189 964 1254 id
990 1190 1115 1256 modice
1138 1213 1176 1256 ac
1204 1213 1252 1255 aa

245 1278 372 1363 pienter
391 1278 474 1343 sicut
492 1281 602 1345 omnia
619 1285 653 1344 et
669 1279 754 1344 ferre
773 1285 807 1344 et
824 1280 968 1344 laturum
987 1300 1058 1344 esse
1071 1283 1160 1345 certo
1175 1279 1251 1345 scio.
1267 1304 1292 1342 ιο

229 1365 309 1442 ¹Sed
330 1367 425 1451 mihi,
456 1390 529 1434 cum
557 1368 596 1433 de
624 1371 788 1433 senectute
810 1368 929 1433 vellem
957 1366 1080 1452 aliquid
1103 1368 1252 1450 scribere,

245 1460 282 1521 tu
301 1456 492 1521 occurrebas
511 1457 627 1541 dignus
647 1478 684 1520 eo
703 1478 844 1538 munere,
868 1478 931 1538 quo
949 1461 1085 1538 uterque
1103 1460 1251 1520 nostrum

246 1543 459 1609 communiter
481 1531 645 1645 uteretufl
671 1543 754 1607 Mihi
777 1542 907 1626 quidem
929 1543 978 1605 ita
999 1543 1138 1607 iucunda
1155 1543 1251 1606 huius

245 1631 323 1696 libri
349 1630 508 1697 confectio
534 1630 611 1715 fuit,
643 1634 767 1695 utnon
794 1630 890 1694 modo
922 1650 1033 1694 omnes
1062 1630 1252 1694 absterserit

129 1729 130 1734 ’
246 1719 421 1789 senectutis
453 1719 634 1801 molestias,
670 1719 725 1782 sed
758 1716 900 1781 effecerit
927 1717 1059 1782 mollem
1088 1717 1187 1783 etiam
1219 1721 1252 1782 et
1267 1741 1293 1782 rs

246 1809 418 1875 iucundam
449 1810 655 1872 senectutem.
704 1804 892 1890 Numquam
920 1805 1022 1890 igitur
1049 1805 1146 1891 digne
1170 1807 1252 1870 satis

245 1896 372 1961 laudari
385 1895 594 1981 philosophia
612 1893 743 1980 poterit,
765 1894 816 1960 cui
840 1894 895 1978 qui
914 1897 1042 1980 pareat,
1060 1916 1155 1959 omne
1173 1898 1253 1959 tenr-

211 1999 306 2069 epua
335 1984 453 2048 aetatis
482 1982 551 2047 sine
578 1982 729 2047 molestia
756 1981 862 2067 possit
887 1982 1012 2068 degere.
1057 1980 1120 2048 Sed
1143 1983 1182 2048 de
1205 2005 1252 2048 ce-

244 2071 324 2138 teris
348 2077 381 2136 et
404 2070 542 2136 diximus
564 2071 670 2136 multa
687 2076 720 2135 et
740 2093 836 2156 saepe
854 2070 1010 2155 dicemus3
1032 2070 1118 2138 hunc
1131 2070 1252 2137 librum

246 2161 286 2225 ad
304 2164 337 2225 te
358 2161 397 2223 de
416 2162 579 2224 senectute
598 2159 754 2224 misimus.
787 2159 922 2226 Omnem
941 2164 1050 2226 autem
1069 2182 1250 2228 sermonem
1264 2184 1291 2223 ae

245 2248 419 2313 tribuimus
447 2268 513 2312 non
535 2248 690 2333 Tithono,
717 2253 755 2314 ut
777 2247 891 2314 Aristo
913 2247 990 2315 Cius
1014 2248 1144 2334 (parum
1167 2250 1252 2314 enim

247 2340 332 2403 esset
357 2335 562 2403 auctoritatis
585 2336 620 2401 in
641 2335 777 2423 fabula),
800 2337 857 2403 aed
878 2336 922 2402 ht
945 2334 1064 2402 Catoni
1087 2336 1165 2420 seni,
1188 2359 1252 2421 quo

246 2426 403 2491 maiorem
422 2425 651 2491 auctoritatem
664 2426 801 2490 haberet
818 2425 937 2508 orati03
960 2424 1045 2509 apud
1064 2446 1161 2509 quem
1174 2424 1252 2490 Irae

245 2513 326 2578 lium
349 2517 383 2578 et
405 2511 587 2598 Scipionem
609 2512 747 2578 facimus
775 2512 987 2596 admirantes,
1015 2514 1101 2597 quod
1127 2514 1156 2578 is
1182 2517 1253 2579 tam

244 2601 340 2666 facile
359 2604 557 2666 senectutem
570 2600 664 2686 ferat,
682 2600 792 2685 eisque
810 2622 884 2665 eum
902 2602 1159 2686 respondentem.
1191 2601 1292 2678 Quies

247 2689 275 2754 si
298 2689 454 2754 eruditius
477 2689 639 2754 videbitur
666 2689 845 2774 disputare,
872 2711 970 2773 quarn
992 2691 1160 2755 consuevit
1182 2691 1252 2775 ipse

246 2779 280 2843 in
304 2778 370 2842 suis
393 2777 497 2864 libris,
519 2777 691 2844 attribuito
715 2777 837 2842 litteris
858 2776 999 2861 Graecis,
1022 2799 1159 2861 quarum
1179 2800 1252 2843 con-

247 2871 315 2932 stat
337 2888 411 2930 cum
433 2865 672 2952 perstudiosum
694 2865 852 2930 fuissem
875 2869 1048 2931 senectute.
1089 2864 1152 2931 Sed
1175 2866 1253 2951 quid

247 2975 328 3041 opus
351 2957 402 3019 est
423 2954 540 3039 plura?
571 2952 641 3020 Iam
672 2953 758 3017 enim
784 2953 887 3037 ipsius
909 2952 1043 3019 Catonis
1067 2976 1173 3020 sermo
1201 2977 1252 3020 ex-

207 3042 384 3166 2plicabit
405 3046 552 3107 nostram
576 3063 703 3107 omnem
727 3041 766 3106 de
789 3045 953 3145 senectute
976 3043 1180 3107 sententiam.
1265 3060 1293 3103 re

212 3178 230 3226 ⁴
247 3128 1195 3300 Laofiqfflcqmngpeemquuffierperqqlqnquqlmsoqueqpeqlltequq
1210 3129 1253 3282 ld

247 3306 339 3391 Cato,
362 3306 602 3392 perfectamque
620 3306 823 3392 sapientiam,
840 3312 912 3371 tum
930 3307 982 3371 vel
1000 3305 1148 3389 maxime,
1167 3306 1253 3390 quod

246 3418 424 3480 numquam
444 3395 508 3460 tibi
529 3409 725 3461 senectutem
745 3417 877 3481 gravem
896 3416 965 3459 esse
985 3394 1150 3478 senserim,
1171 3415 1252 3476 qnae
1311 3401 1317 3413 '

247 3484 411 3568 plerisque
438 3484 568 3549 senibus
596 3484 642 3550 sic
669 3483 780 3549 odiosa
808 3487 871 3566 est,
903 3487 939 3546 ut
971 3504 1052 3547 onus
1082 3503 1116 3547 se
1144 3482 1252 3549 Aetna
1266 3501 1292 3544 u

248 3571 380 3657 gravius
404 3572 512 3638 dicant
535 3572 701 3637 sustinere.

308 3658 397 3725 Cam
439 3660 523 3725 Rem
546 3659 633 3726 haud
656 3681 732 3724 sane
761 3656 938 3744 difficilem,
965 3656 1073 3744 Scipio
1096 3663 1129 3724 et
1152 3659 1252 3742 Laeli,
