2950 4150
245 304 307 369 176
540 307 692 363 LAELIUS
709 307 761 362 DE
777 309 943 364 AMICITIA

243 486 339 532 causa
361 468 558 552 peccaverim
584 490 661 533 nam
684 491 757 534 cum
780 470 982 535 conciliatrix
1000 470 1161 536 amicitiae
1187 473 1250 536 vir·

243 556 324 620 tutis
348 556 456 640 opinio
475 555 582 640 fuerit,
605 556 735 621 difficile
754 561 804 621 est
822 558 999 622 amicitiam
1020 580 1158 637 manere,
1181 561 1211 624 si
1228 583 1249 626 a

191 659 225 708 te
243 645 364 708 virtute
382 643 543 709 defeceris.
580 641 701 718 Quodsi
721 649 845 710 rectum
869 647 1077 711 statuerimus
1100 648 1153 712 vel
1176 668 1249 712 con-

242 731 353 797 cedere
376 733 501 817 amicis,
528 732 683 817 quidquid
709 733 824 811 velint,
851 735 903 798 vel
930 735 1094 819 inpetrare
1131 735 1172 800 ab
1199 735 1249 819 iis,

243 819 398 903 quidquid
420 821 566 905 velimus,
589 820 733 904 perfecta
755 821 884 905 quidem
908 823 1068 907 sapientia
1091 822 1248 908 cisimus,
1274 844 1289 886 a

242 907 325 971 nihil
347 909 468 973 habeat
491 930 541 973 res
564 909 650 992 vitii3
674 909 730 974 sed
751 910 914 993 loquimur
933 910 971 976 de
989 911 1030 975 iis
1049 911 1170 994 amicis,
1194 913 1250 997 qui

244 1000 319 1060 ante
338 997 448 1062 oeulos
468 1000 551 1079 sunt,
571 1019 652 1081 quos
670 997 809 1062 vidimus
828 1002 885 1062 aut
904 997 942 1063 de
961 999 1078 1082 quibus
1092 1001 1249 1066 memoria

243 1085 433 1168 accepimus,
452 1106 532 1167 quos
549 1085 642 1149 novit
660 1085 728 1150 rita
746 1086 934 1151 communis.
971 1087 1022 1151 Ex
1036 1087 1098 1153 hoe
1113 1109 1248 1154 numero

241 1172 336 1235 nobis
351 1173 499 1256 exempla
513 1173 668 1238 sumenda
682 1177 767 1252 sunt,
786 1178 943 1239 eteorum
958 1174 1086 1258 quidem
1101 1175 1249 1261 maxime,

190 1275 223 1325 39
243 1259 297 1343 qui
316 1259 357 1324 ad
374 1259 567 1345 sapientiam
580 1283 735 1345 proxume
756 1262 919 1328 accedunt.
949 1261 1104 1328 Videmus
1122 1263 1249 1350 Papum
1262 1287 1289 1327 ιο

242 1347 418 1413 Aemilium
444 1348 582 1414 Luscino
609 1350 804 1415 familiarem
835 1350 936 1416 fuisse
964 1351 1025 1436 (sic
1052 1375 1072 1417 a
1098 1353 1247 1437 patribus

243 1433 448 1522 accepimus),
466 1437 516 1501 bis
534 1459 599 1501 una
617 1440 774 1521 consules,
792 1438 935 1524 collegas
953 1439 989 1503 in
1006 1461 1154 1524 censura3
1177 1445 1248 1506 tum

243 1527 276 1587 et
298 1545 371 1588 cum
393 1525 433 1588 iis
457 1528 490 1588 et
511 1525 596 1588 inter
619 1547 655 1589 se
682 1526 961 1590 coniunctissimos
988 1526 1089 1592 fuisse
1111 1527 1163 1592 Μ’.
1188 1527 1248 1594 On·

242 1611 335 1695 rium,
358 1611 406 1676 Ti
420 1609 657 1676 Coruncanium
675 1612 849 1676 memoriae
867 1612 1031 1696 proditum
1045 1617 1103 1677 est
1140 1614 1248 1700 Igitur

242 1721 283 1764 ne
310 1700 467 1784 suspicari
493 1700 621 1784 quidem
648 1721 819 1801 possumup
848 1721 1041 1784 quemquam
1063 1700 1180 1765 horum
1204 1704 1245 1768 ab
1261 1725 1287 1765 xa

243 1787 1246 1962 ttttttllmttlttltltltlnttlthdlt

493 1929 502 1960 ‚
1025 1928 1032 1940 .

243 1964 371 2049 quidem
393 1965 428 2029 in
449 1966 571 2030 talibus
594 1965 673 2030 viris
697 1965 773 2049 quid
794 1966 917 2030 adtinet
936 1965 1049 2049 dicere,
1072 1965 1100 2030 si
1118 1969 1246 2030 conten·

242 2053 356 2136 disset,
378 2052 627 2138 impetraturum
649 2076 715 2119 non
735 2053 858 2121 fixisse?
881 2077 953 2120 cum
975 2054 1027 2119 illi
1051 2053 1246 2120 sanctissimi

241 2141 304 2206 viri
335 2141 468 2225 fuerint,
501 2164 600 2227 aeque
632 2146 741 2206 autem
772 2142 863 2207 nefas
896 2143 940 2207 sit
968 2143 1036 2207 tale
1063 2143 1186 2227 aliquid
1213 2146 1246 2207 et
1259 2163 1287 2212 ω

241 2230 346 2295 facere
378 2235 531 2315 rogatum
560 2234 593 2294 et
619 2252 656 2295 ro
675 2241 744 2295 are.
788 2232 835 2295 At
862 2252 938 2296 vero
966 2230 1036 2295 Tib.
1065 2229 1246 2296 Gracchum

242 2319 460 2402 sequebantur
473 2316 507 2385 Ο.
522 2316 638 2404 Carbo,
658 2251 696 2384 ᾗ.
712 2316 804 2403 Cato,
827 2324 860 2384 et
877 2318 1009 2383 minime
1027 2324 1098 2383 turn
1117 2318 1246 2403 quidem

241 2404 276 2473 0.
298 2407 401 2471 frater
426 2428 510 2472 nunc
533 2407 618 2472 idem
641 2408 824 2473 acerrimus.

307 2493 396 2559 Haec
423 2493 524 2580 igitur
551 2497 603 2560 lex
629 2495 665 2559 in
692 2495 834 2560 amicitia
866 2494 1041 2576 sanciatur,
1073 2499 1111 2559 ut
1141 2516 1245 2578 neque

241 2602 392 2667 rogemus
415 2604 467 2648 res
490 2588 600 2668 turpes
619 2604 676 2648 nec
694 2582 850 2648 faciamus
868 2583 985 2668 rogati.
1022 2581 1139 2667 Turpis
1159 2583 1245 2647 enim
1261 2606 1286 2645 a

241 2670 405 2736 excusatio
437 2675 487 2735 est
519 2676 552 2736 et
583 2671 714 2736 minime
747 2670 931 2755 accipienda
962 2693 1035 2736 eum
1065 2670 1100 2734 in
1130 2671 1244 2736 ceteris

240 2759 396 2844 peccatis,
421 2762 492 2824 tum
520 2760 548 2823 si
575 2759 646 2843 quis
674 2762 788 2824 contra
814 2758 1068 2844 rempublicam
1092 2779 1126 2823 se
1149 2759 1244 2827 amics·
1300 2768 1303 2774 '

240 2868 338 2912 causa
354 2846 470 2912 fecisse
489 2847 640 2912 fateatur.
671 2846 801 2911 Etenim
821 2868 858 2912 eo
877 2848 957 2929 loco,
980 2845 1083 2911 Fanni
1102 2850 1136 2910 et
1154 2844 1245 2912 Scae

240 2935 328 3017 vola,
357 2936 457 3000 locati
480 2957 603 3020 sumus,
628 2939 666 2999 ut
687 2957 747 3000 nos
770 2936 867 3020 longe
889 2934 1073 3019 prospicere
1096 2938 1245 3018 oporteat

241 3022 367 3088 futuros
391 3044 483 3088 casus
506 3025 553 3089 rei
580 3024 736 3107 publicae.
783 3023 922 3087 Deflexit
948 3023 1014 3087 iam
1042 3022 1244 3106 aliquantum
1258 3041 1284 3083 sc

188 3127 221 3176 41
242 3112 281 3176 de
317 3111 423 3196 spatio
460 3112 681 3196 curriculoque
717 3111 914 3176 consuetudo
950 3111 1118 3176 maiorum
1174 3109 1244 3172 Tib.

242 3198 405 3266 Gracchus
428 3221 563 3285 regnum
587 3221 743 3283 occupare
765 3203 901 3264 conatus
924 3203 987 3283 est,
1016 3199 1068 3264 vel
1095 3196 1245 3282 regnavit

240 3288 269 3353 is
292 3288 421 3373 quidem
443 3310 562 3372 paucos
585 3308 720 3353 menses.
764 3285 852 3352 Num
876 3288 952 3371 quid
975 3286 1080 3350 simile
1104 3285 1244 3368 populus

240 3375 407 3443 Romanus
425 3376 570 3441 andierat
589 3380 645 3441 aut
663 3376 809 3440 viderat?
840 3374 935 3440 Hunc
954 3374 1052 3438 etiam
1070 3375 1147 3457 post
1162 3395 1244 3438 mor·

240 3469 307 3530 tem
330 3466 432 3531 secuti
450 3464 545 3529 amici
563 3468 596 3529 et
614 3464 787 3548 propinqui
808 3463 885 3547 quid
902 3463 937 3526 in
954 3461 990 3528 Ρ.
1004 3460 1153 3545 Scipione
1172 3462 1244 3525 effe·
1259 3481 1284 3521 aa

240 3554 356 3637 cerint‚
385 3554 454 3619 sine
481 3552 622 3618 lacrimis
649 3575 715 3617 non
743 3573 824 3636 queo
853 3550 966 3617 dicere.
1011 3548 1098 3615 Nam
1125 3547 1244 3615 Carbo·

223 3658 316 3719 nem,
352 3664 558 3727 quocumque
583 3641 679 3708 modo
711 3640 889 3728 potuimus,
920 3642 1055 3725 propter
1082 3643 1244 3704 recentem

188 2548 224 2599 40
