2950 4150
258 333 324 397 162
558 312 961 390 umnmsonnnrcnm

257 517 382 578 rerum,
414 495 459 560 sic
490 494 618 560 vivendi
650 496 790 561 modurn.
836 494 990 560 Senectus
1014 500 1122 560 autem
1142 496 1259 560 aetatis

261 588 312 647 est
337 583 480 667 peractio
501 588 669 667 tamquam
691 584 834 668 fabulae,
866 583 955 649 cuius
980 583 1190 649 defectionem
1212 583 1259 648 fu·

261 692 337 757 gere
360 671 520 756 debemus,
541 672 732 756 praesertim
756 673 907 737 adiuncta
931 672 1091 737 sotietate.

325 757 414 824 Haec
435 760 543 843 habui,
565 760 604 825 de
627 764 790 826 senectute
818 783 899 845 quae
923 760 1075 843 dicerem3
1099 761 1140 825 ad
1163 783 1260 844 quarn

224 925 227 929 .
262 846 384 911 utinam
411 848 620 931 perveniatis!
651 853 688 913 ut
711 871 762 933 ea,
795 871 875 933 quae
903 871 941 913 ex
965 870 1015 913 mc
1045 848 1195 932 audistis,
1225 868 1287 913 res

259 936 384 1019 experti
406 936 544 1020 probare
567 937 709 1021 possitis.

510 1362 557 1436 M.
586 1363 727 1436 TULLI
754 1361 1002 1437 CICERONIS

370 1539 589 1626 munius
620 1543 693 1624 DE
724 1541 961 1626 AMICITIA
992 1542 1156 1623 LIBER

445 1707 506 1772 uu
529 1707 564 1772 r.
587 1706 845 1774 romonum
868 1704 1072 1771 runcum

597 1941 932 2004 ARGUMENTUM.

333 2056 401 2111 (inm
418 2056 492 2111 intcr
508 2057 538 2112 P.
558 2056 716 2127 Scipionem
729 2056 891 2113 Africanum
904 2058 934 2111 et
948 2055 976 2114 0.
985 2056 1113 2113 Laelium
1126 2075 1262 2112 summam

263 2145 371 2199 semper
384 2128 537 2182 amicitiam
550 2128 636 2183 fuisse
651 2130 801 2197 constaret,
821 2128 956 2195 Ciceroni,
975 2146 1038 2183 cum
1051 2129 1139 2183 vellet
1152 2129 1261 2199 aliquid

262 2200 297 2253 de
316 2198 439 2254 amicitia
457 2198 642 2268 conscribere,
671 2198 750 2254 Laeli
763 2216 882 2270 persona
898 2198 1001 2254 idonea
1022 2200 1083 2253 visa
1101 2202 1156 2265 est,
1180 2218 1262 2269 quem

261 2270 406 2324 induceret
432 2270 466 2324 de
494 2269 618 2324 amicitia
644 2270 835 2341 disputantem
860 2287 923 2324 cum
949 2272 1066 2338 utroque
1089 2286 1206 2339 genero,
1231 2270 1260 2326 G.

262 2340 368 2396 Fannio
386 2343 416 2395 et
434 2340 465 2405 Q.
483 2340 576 2395 Mucio
595 2341 737 2397 Scaevola.
774 2342 835 2396 Hoc
853 2340 940 2422 igitur
958 2356 1098 2409 sermone,
1116 2357 1198 2408 quem
1217 2340 1261 2394 ci-

263 2429 327 2536 nc
347 2411 660 2538 tutunus}
681 2409 1099 2550 studentum
1111 2418 1262 2537 “icen

262 2553 374 2607 Laelius
393 2553 483 2619 docet,
502 2553 569 2621 quid
588 2552 625 2606 sit
643 2524 775 2619 amicitie,
794 2550 894 2619 quibus
912 2551 948 2603 de
967 2550 1056 2604 causis
1075 2500 1158 2606 amici
1177 2570 1260 2621 quae·

263 2624 371 2687 rantur,
390 2622 489 2690 quibus
509 2622 598 2678 causis
616 2622 742 2677 amicitia
759 2622 950 2689 contrahatur,
976 2621 1076 2676 deinde
1094 2622 1168 2676 inter
1190 2639 1260 2692 quos

263 2692 388 2747 amicitia
406 2709 465 2746 esso
484 2692 586 2762 possit,
605 2710 676 2761 quoe
694 2693 731 2748 sit
749 2691 889 2746 amicitiae
906 2690 965 2759 lex,
983 2708 1054 2760 quoe
1073 2692 1179 2762 officia,
1198 2696 1257 2762 qui-

263 2764 315 2818 bus
333 2763 452 2830 denique
469 2762 560 2817 modis
598 2765 713 2833 erpetuo
732 2764 917 2818 conservetur.

334 2832 452 2903 Scripsit
470 2835 563 2888 autem
577 2782 676 2890 bioero
693 2834 768 2888 hunc
785 2833 912 2886 libellum
930 2834 996 2901 post
1018 2832 1151 2888 Catonern
1175 2834 1262 2890 Maio·

263 2922 322 2959 rem
344 2908 381 2975 (v.
404 2904 486 2958 huius
511 2903 576 2957 libri
604 2921 663 2974 cap.
688 2912 702 2958 1
722 2910 737 2971 ς
755 2906 784 2972 4)
802 2918 874 2957 anno
893 2901 951 2956 fere
969 2921 996 2973 p.
1014 2920 1041 2960 u.
1061 2921 1084 2958 c.
1104 2911 1169 2975 ⁷10,
1196 2908 1261 2960 anto

264 2991 347 3045 quam
364 2974 451 3029 libros
470 2975 505 3029 de
523 2974 622 3029 officiis
641 2973 806 3045 conscripsit
824 2972 899 3042 (vide
917 2971 965 3028 lib.
985 2974 1010 3028 ΙΙ
1029 2990 1089 3044 cap.
1109 2982 1125 3030 9
1145 2981 1160 3040 ξ
1178 2979 1233 3045 31).

229 3198 247 3323 ἒ
331 3223 366 3299 Q.
389 3223 511 3288 Mucius
536 3244 639 3309 augur
664 3225 768 3288 multa
793 3245 925 3289 narrare
952 3224 991 3288 dc
1018 3222 1053 3289 O.
1075 3223 1186 3289 Laelio
1214 3248 1263 3291 so

264 3335 336 3380 cero
365 3333 422 3378 sno
449 3312 635 3376 memoriter
662 3315 695 3376 et
723 3312 859 3377 iucunde
882 3312 1008 3376 solebat
1034 3332 1093 3377 nec
1116 3312 1263 3379 dubitare

264 3401 358 3466 illum
371 3399 507 3466 inomni
525 3421 671 3465 sermone
685 3400 849 3485 appellare
868 3400 1060 3484 sapientem3
1078 3420 1139 3484 ego
1154 3405 1262 3467 autem

265 3512 284 3554 a
306 3493 399 3575 patre
422 3489 470 3553 ita
487 3510 576 3553 cram
594 3488 747 3554 deductus
767 3489 808 3554 ad
823 3486 1010 3555 Scaevolam
1029 3494 1159 3573 sumpto
1176 3490 1264 3556 virili
1278 3509 1306 3549 ιο

264 3582 357 3661 toga,
379 3580 425 3660 ut,
448 3577 553 3661 quoad
575 3598 704 3662 possem
727 3581 760 3642 et
777 3577 897 3661 liceret,
916 3599 935 3640 a
953 3577 1038 3641 senis
1056 3576 1158 3642 latere
1175 3600 1265 3644 nurn-

243 3680 348 3735 quem
374 3664 589 3751 discederem·
616 3666 729 3753 itaque
751 3667 855 3732 multa
878 3665 919 3730 ab
942 3686 980 3730 eo
1003 3666 1179 3751 prudentor
1203 3668 1265 3733 dis·
