2950 4150
274 320 338 384 164
571 320 724 378 nmmo
741 321 790 376 DE
808 321 974 376 Afflclm

273 482 381 549 Genus
404 487 513 548 autem
534 483 597 548 hoc
619 504 804 549 sermonum
824 483 968 567 positum
985 484 1019 548 in
1037 484 1204 550 bominum
1221 509 1273 550 ve·

272 577 379 638 terum
402 571 608 656 auctoritate,
635 576 806 636 eteorum
832 570 1033 657 inlustrium,
1062 572 1137 658 plus
1164 573 1272 639 nescio

274 682 337 744 quo
359 665 454 744 pacto
476 660 604 724 ridetur
625 660 745 724 habere
768 659 955 744 gravitatis3
976 660 1086 744 itaque
1109 660 1178 745 ipse
1201 683 1274 727 mes

273 753 384 834 legens
412 748 458 814 sic
493 748 624 813 adficior
654 747 829 833 interdum,
861 752 898 812 ut
924 746 1094 832 Catonem,
1125 770 1191 815 non
1222 772 1274 816 mo

238 836 362 922 oloqui
385 836 573 901 existimem.
610 833 672 901 Sed
693 840 731 901 ut
753 840 824 900 tum
846 836 888 901 ad
910 858 1018 901 senem
1041 858 1138 902 senex
1165 838 1204 903 (le
1227 860 1274 903 se
1300 857 1313 896 o

272 929 414 1009 nectute,
437 926 483 990 sic
505 925 567 990 hoc
589 925 674 989 libro
699 924 740 989 ad
763 924 900 989 amicum
924 925 1139 990 amicissimus
1158 927 1274 1011 scripsi

173 1038 178 1052 ·
274 1012 485 1079 deamicitia.
530 1012 613 1078 Tum
640 1017 690 1077 est
716 1010 799 1078 Cato
827 1013 968 1096 loeutus,
995 1034 1059 1096 quo
1087 1018 1157 1078 erat
1178 1035 1272 1079 nemo

271 1102 339 1167 fere
362 1101 469 1166 senior
495 1101 696 1186 temporibus
723 1100 804 1185 illis,
834 1122 929 1165 nemo
957 1101 1159 1185 prudentior;
1188 1123 1274 1168 nunc

272 1189 400 1255 Laelius
423 1194 457 1254 et
479 1189 607 1274 sepiem
631 1187 692 1274 (sic
715 1189 800 1253 enim
823 1192 874 1253 est
890 1187 1038 1274 habitus)
1061 1193 1095 1254 et
1112 1189 1273 1255 amicitias

273 1278 379 1364 gloria
401 1277 559 1343 excellens
583 1277 622 1342 de
645 1277 789 1342 amicitia
812 1277 970 1360 loquetur.
1002 1276 1051 1342 Tu
1068 1277 1166 1344 velim
1184 1301 1204 1343 a
1222 1300 1273 1344 me
1287 1299 1313 1339 ro

273 1365 416 1431 animum
433 1387 606 1450 parumper
624 1369 761 1449 avertas,
776 1364 922 1430 Laelium
935 1365 1026 1450 loqui
1043 1365 1151 1450 ipsum
1169 1371 1272 1452 putes.

273 1451 308 1520 O.
333 1454 475 1519 Fannius
506 1458 539 1518 et
565 1450 601 1528 Q.
627 1453 752 1519 Mucius
785 1452 826 1517 ad
857 1474 1003 1519 socerum
1034 1454 1168 1519 veniunt
1197 1460 1274 1540 post

272 1547 417 1620 mortem·
433 1539 593 1623 Africani3
616 1540 657 1605 ab
679 1540 731 1604 bis
755 1561 861 1603 sermo
880 1540 991 1623 oritur,
1009 1542 1182 1625 respondet
1195 1542 1273 1607 Lae-

272 1630 349 1708 lius,
376 1629 465 1694 ouius
488 1633 560 1694 tota
583 1627 759 1712 disputatio
783 1632 834 1691 est
856 1627 895 1691 de
924 1628 1081 1710 amicitia,
1110 1650 1207 1711 quam
1230 1631 1273 1694 le-

237 1721 499 1874 ,genstNpppe
522 1737 715 1887 cgiiisibetai,
744 1803 848 1887 Laeli3
879 1824 937 1870 nec
965 1804 1052 1869 enim
1078 1804 1193 1869 melior
1222 1737 1313 1871 vir1⁶

237 1860 335 1959 6fuit
361 1893 515 1958 Africano
542 1893 713 1977 quisquam
740 1913 798 1957 nec
824 1891 950 1958 clarior.
995 1889 1058 1957 Sed
1086 1892 1272 1959 existimare

272 1982 368 2047 debes
392 1981 668 2047 omniumoculos
691 1981 781 2045 inte
808 2001 878 2045 esse
905 1980 1067 2046 coniectos
1096 2002 1209 2067 unum3
1238 1986 1273 2048 to

272 2071 450 2157 sapientem
469 2075 501 2134 et
520 2069 687 2155 appellant
704 2072 738 2134 et
751 2067 946 2135 existimant.
977 2068 1195 2136 Tribuebatur
1211 2070 1273 2137 hoc

272 2160 367 2225 modo
390 2158 433 2224 M.
455 2156 586 2242 Catoni,
608 2157 726 2223 scimus
749 2156 785 2222 L.
807 2158 949 2224 Acilium
972 2159 1057 2244 apud
1081 2163 1190 2244 patres
1217 2181 1272 2225 no
1286 2177 1312 2217 ω

273 2252 358 2313 stros
378 2246 577 2333 appellatum
596 2267 665 2311 esse
679 2246 868 2331 sapientem,
887 2247 942 2311 sed
960 2251 1094 2329 uterque
1112 2247 1177 2311 alio
1196 2268 1272 2331 quo

273 2338 346 2402 dam
369 2336 478 2420 modo,
505 2335 643 2418 Acilius,
670 2334 746 2419 quia
768 2335 907 2419 prudens
935 2355 1004 2399 esse
1025 2334 1061 2397 in
1088 2334 1158 2398 iure
1184 2334 1273 2399 civili

271 2426 457 2511 putabatur,
480 2420 571 2507 (lato,
590 2422 665 2508 quia
683 2423 860 2487 multarum
877 2443 984 2486 rerum
1002 2442 1097 2486 usum
1113 2421 1270 2507 habebat3

271 2515 375 2578 multe
398 2512 466 2577 eius
489 2511 578 2576 etin
600 2515 713 2576 senatu
743 2515 777 2574 et
802 2510 837 2573 in
862 2509 934 2573 foro
961 2509 1013 2574 vel
1040 2510 1172 2594 provisa
1198 2533 1271 2597 pru-

272 2601 384 2665 denter
414 2600 466 2665 vel
494 2601 567 2664 acta
593 2601 780 2663 constanter
806 2596 858 2661 vel
885 2618 1041 2681 responsa
1068 2601 1160 2663 acute
1190 2598 1270 2664 fere-
1284 2616 1310 2657 ss

272 2690 404 2771 bantur3
438 2689 611 2773 propterea
643 2685 736 2769 quasi
767 2705 946 2770 cognomen
976 2685 1042 2749 ism
1069 2685 1212 2751 habebat
1238 2688 1273 2751 in

220 2786 259 2855 (t)
273 2780 437 2841 senectute
456 2773 620 2859 sapientis.
652 2772 697 2837 Te
720 2776 829 2839 autem
852 2772 916 2837 alio
936 2773 1075 2856 quodam
1092 2775 1188 2839 modo
1206 2797 1273 2840 non

272 2865 377 2930 solum
399 2867 517 2929 natura
539 2866 572 2927 et
594 2862 749 2945 moribus,
770 2882 882 2925 verum
905 2860 1004 2925 etiam
1025 2862 1131 2928 studio
1150 2867 1183 2928 et
1201 2864 1272 2929 doo-

271 2953 358 3017 trina
380 2973 450 3016 esse
473 2951 660 3036 sapientem,
681 2970 740 3014 neo
763 2950 847 3014 sicut
868 2949 996 3034 vulgus,
1018 2950 1074 3015 sed
1096 2955 1133 3015 ut
1155 2952 1273 3016 eruditi

272 3042 379 3107 solent
402 3040 566 3125 appellare
589 3038 777 3124 sapientem,
800 3037 929 3121 qualem
946 3037 981 3102 in
998 3039 1123 3123 reliqua
1137 3038 1272 3105 Graecis
1285 3055 1311 3096 ω

237 3148 252 3197 τ
271 3130 433 3195 neminem
455 3125 544 3212 (nam
572 3126 628 3211 qui
650 3130 774 3211 septem
797 3127 1016 3211 appellantur,
1035 3148 1103 3211 eos,
1131 3126 1186 3210 qui
1207 3127 1272 3192 ista

272 3217 425 3284 subtilius
448 3219 615 3300 quaerunt,
636 3214 671 3279 in
688 3235 822 3279 numero
840 3215 1035 3298 sapientium
1048 3237 1114 3279 non
1126 3212 1272 3299 habent),

272 3305 411 3371 Athenis
433 3326 532 3370 unum
555 3303 744 3387 accepimus,
766 3306 800 3367 et
819 3324 893 3368 eum
911 3303 1039 3387 quidem
1058 3302 1157 3367 etiem
1170 3301 1272 3389 Apol-

271 3395 347 3459 linis
371 3393 500 3459 oraoulo
523 3391 798 3476 sapientissimum
820 3392 1009 3474 iudicatum3
1035 3391 1119 3455 hanc
1141 3412 1211 3456 esse
1238 3392 1273 3458 in

272 3487 305 3547 te
329 3482 521 3567 sapientiam
544 3480 754 3563 existumant,
782 3483 821 3545 ut
843 3479 951 3544 omnia
973 3482 1031 3543 tua
1052 3478 1087 3542 in
1108 3482 1142 3543 te
1164 3480 1311 3564 positaso

250 3592 343 3658 ,esse
368 3572 464 3636 ducas
487 3570 708 3653 humanosque
731 3589 824 3633 casus
846 3568 967 3633 virtute
984 3565 1152 3632 inferiores
1170 3573 1272 3654 putes.

248 3653 376 3735 Itaque
398 3679 442 3721 er
461 3679 517 3722 me
541 3660 717 3745 quaerunt,
747 3656 841 3724 credo
864 3678 903 3721 ex
924 3656 986 3721 hoe
1008 3656 1088 3723 item
1110 3654 1274 3737 Scaevola,
