2950 4150
239 301 303 363 212
632 300 856 355 PARADOXON

239 461 418 545 molientes,
442 462 497 546 qui
517 466 591 526 tuas
610 462 792 528 mercedum
811 462 978 547 pactiones
996 462 1031 526 in
1047 462 1248 548 patrociniis,

238 551 262 633 †
283 550 456 615 intercidas
479 550 688 634 pecuniarum
714 550 747 614 in
774 550 969 615 coitionibus
992 551 1247 636 candidatorum,

239 639 442 703 dimissiones
470 639 663 704 libertorum
691 638 732 702 ad
760 638 1010 703 defaenerandas
1038 639 1247 724 diripiendas·
1286 676 1288 680 ·

241 749 301 812 que
324 727 524 812 provincias,
547 727 602 828 qui
626 727 831 828 expulsiones
853 726 1045 811 vicinorum,
1068 727 1124 811 qui
1146 728 1247 792 latro·

239 815 324 881 cinis
341 815 375 879 in
394 815 491 901 agris,
510 815 565 899 qui
584 837 656 880 cum
675 816 787 898 servis,
809 837 883 880 eum
900 815 1037 898 libertis,
1060 838 1132 880 cum
1151 816 1288 880 elien-⁶

239 905 327 969 tibus
361 905 546 987 societates,
583 903 638 986 qui
669 903 891 988 possessiones
923 925 1063 1005 vacuas,
1087 904 1142 988 qui
1173 926 1247 989 pro

240 992 431 1077 scriptiones
455 992 675 1076 locupletium,
698 992 754 1076 qui
777 992 890 1056 caedes
911 991 1168 1077 municipiorum,
1192 993 1248 1076 qui

239 1081 331 1144 illam
354 1077 480 1144 Sullani
502 1080 659 1164 temporis
682 1101 821 1144 messem
844 1080 1042 1163 recordetur,
1071 1080 1126 1180 qui
1148 1084 1262 1144 testa-—

239 1172 349 1233 menta
368 1168 513 1233 subiecta
494 1190 522 1252 a,
545 1172 597 1233 tot
615 1169 670 1252 qui
689 1169 799 1232 sublat
785 1172 837 1232 tos
854 1168 1012 1252 homines,
1036 1169 1092 1252 qui
1110 1168 1247 1252 denique

239 1256 348 1322 omnia
370 1257 511 1339 venalia,
535 1256 675 1320 edictum
698 1258 876 1340 decretum,
899 1257 1038 1321 alienam
1062 1279 1153 1320 suam
1177 1279 1247 1321 sen·
1264 1280 1288 1317 ro

238 1345 389 1428 tentiam,
416 1345 522 1409 forum
546 1345 690 1428 domum,
717 1367 829 1410 vocem
852 1345 1031 1409 silentium:
1063 1345 1133 1428 quis
1160 1345 1247 1411 hunc

238 1455 304 1498 non
335 1437 428 1518 putet
459 1434 605 1498 confiteri
643 1433 705 1497 sibi
743 1433 889 1517 quaesito
926 1454 1006 1517 opus
1040 1433 1131 1497 esse?
1186 1430 1248 1498 Oui

241 1522 387 1605 quaesito
421 1525 529 1585 autem
558 1543 639 1605 opus
669 1522 726 1604 sit,
766 1522 837 1604 quis
869 1543 1023 1605 umquam
1055 1522 1140 1586 hunc
1172 1543 1247 1586 vere

188 1628 219 1676 ιι
240 1610 356 1674 dixerit
388 1609 543 1674 divitem?
592 1608 722 1672 Etenim
756 1609 837 1672 divit
838 1608 943 1672 iarum
975 1613 1026 1673 est
1056 1609 1180 1675 fructus
1212 1611 1247 1674 in

239 1698 345 1783 eopia,
377 1698 503 1800 copiam
536 1700 645 1761 autem
678 1697 821 1761 declarat
851 1697 985 1760 satietas
1012 1719 1121 1762 rerum
1149 1701 1287 1782 atquem

240 1786 415 1851 abundant
391 1790 451 1870 ιιι,
484 1808 582 1871 quam
614 1789 650 1849 tu
678 1785 832 1869 quoniam
858 1806 1035 1870 numquam
1063 1785 1247 1871 adsequere,

239 1896 415 1976 numquam
448 1874 579 1939 omnino
613 1896 647 1938 cs
680 1874 768 1938 dives
802 1873 940 1938 futurus
993 1873 1101 1938 Meam
1138 1878 1247 1939 autem

240 1963 406 2063 quoniam·
414 1962 583 2047 pecuniam
611 1962 804 2046 contemnis,
832 1966 865 2026 et
891 1965 978 2027 recte
1001 1960 1067 2046 (est
1093 1963 1177 2027 enim
1206 1963 1248 2027 ad

240 2051 331 2137 volgi
354 2050 538 2135 opinionem
561 2049 744 2134 mediocris,
768 2051 808 2115 ad
830 2054 922 2115 tuam
944 2051 1049 2133 nulla,
1077 2051 1118 2116 ad
1140 2073 1246 2117 meam

186 2158 220 2207 48
239 2137 394 2225 modica),
427 2139 465 2204 de
497 2160 548 2203 me
577 2139 693 2222 silebo,
725 2139 765 2204 de
792 2160 827 2204 re
854 2139 979 2223 loquar.
1025 2137 1059 2204 Si
1088 2141 1246 2204 censenda
1261 2160 1287 2198 ιο

239 2228 332 2293 nobis
356 2227 400 2292 sit
424 2231 520 2312 atque
544 2227 746 2293 aestimanda
768 2249 834 2311 res,
856 2231 966 2291 utrum
989 2227 1119 2292 tandem
1142 2228 1246 2313 pluris

239 2317 447 2381 aestimemus
465 2316 634 2400 pecuniam
647 2315 775 2399 Pyrrhi,
794 2338 892 2400 quam
904 2314 1054 2381 Fabricio
1074 2316 1181 2400 dabat,
1205 2340 1247 2382 an

239 2405 471 2471 continentiam
490 2403 629 2487 Fabrici,
655 2404 710 2487 qui
733 2404 825 2468 illam
844 2405 1014 2489 pecuniam
1031 2404 1246 2488 repudiabat?

238 2498 349 2559 utrum
365 2515 480 2557 aurum
499 2490 682 2557 Samnitum
700 2514 739 2556 an
760 2514 952 2577 responsum
969 2490 1022 2556 Μ’.
1041 2490 1139 2557 Curi?
1157 2493 1246 2557 here·

240 2582 374 2646 ditatem
384 2581 418 2645 L.
428 2580 522 2645 Pauli
536 2602 578 2644 an
592 2580 823 2645 liberalitatem
837 2580 992 2664 Africani,
1006 2580 1061 2665 qui
1076 2580 1143 2645 eius
1158 2581 1246 2646 here·
1260 2600 1287 2641 ιι

240 2669 351 2734 ditatis
366 2667 403 2744 Q.
416 2668 558 2733 Maximo
576 2668 672 2733 fratri
689 2672 817 2753 partem
837 2690 929 2733 suam
948 2669 1127 2734 concessit?
1156 2669 1246 2735 Haec

239 2758 394 2844 profecto,
417 2779 498 2841 quae
522 2760 598 2821 sunt
621 2779 820 2822 summarum
837 2757 1004 2842 virtutum,
1027 2757 1130 2842 pluris
1150 2758 1246 2822 aesti-

239 2847 358 2911 manda
381 2850 457 2911 sunt
480 2868 577 2930 quam
600 2845 668 2930 illa,
691 2867 774 2929 quae
797 2849 873 2910 sunt
891 2845 1053 2931 pecuniae.
1090 2844 1168 2921 Quis
1187 2847 1246 2932 igi·

239 2939 302 3020 tur,
326 2934 492 3018 siquidem,
515 2938 552 2999 ut
575 2934 719 3019 quisque,
743 2933 829 3035 quod
846 2933 979 3017 plurimi
997 2934 1050 3018 sit,
1071 2934 1246 3036 possideat,

239 3024 287 3089 ita
310 3023 523 3088 divitissimus
541 3022 778 3087 habendust
733 3023 787 3106 sit,
810 3022 937 3087 dubitet
922 3023 1046 3107 tquin
1068 3022 1103 3086 in
1125 3023 1245 3086 virtute
1260 3040 1285 3078 ιο

241 3112 372 3177 divitiae
396 3111 483 3176 sint?
508 3111 660 3195 qnoniam
682 3111 773 3176 nulla
796 3110 968 3196 possessio,
990 3112 1081 3175 nulla
1103 3110 1152 3174 vis
1176 3108 1246 3173 auri

187 3181 249 3308 ,ξ
240 3205 273 3267 ιι
297 3200 424 3287 argenti
450 3200 554 3285 pluris
584 3221 681 3283 quam
708 3199 812 3265 virtus
837 3200 1037 3264 aestimanda
1060 3202 1117 3262 est.
1162 3194 1189 3259 Ο
1214 3195 1245 3260 di

239 3290 372 3355 immort
358 3289 453 3354 tales!
481 3310 548 3353 non
551 3288 766 3389 intellegunt
788 3287 949 3389 homines,
972 3308 1069 3371 quam
1091 3304 1246 3370 magnum

240 3378 382 3464 vectigal
406 3377 449 3441 sit
472 3375 679 3462 parsimonia
710 3375 814 3440 Venio
835 3376 920 3440 enim
938 3375 1004 3439 iam
1023 3372 1064 3438 ad
1082 3377 1246 3475 sumptuo-

239 3488 308 3546 sos,
335 3465 482 3551 relinquo
510 3464 611 3529 istum
614 3468 873 3618 tquaestuosum.
919 3461 1016 3547 Capit
1038 3461 1094 3526 ille
1119 3484 1157 3527 ex
1180 3462 1246 3527 suis
1260 3480 1287 3521 ιι

213 3552 372 3625 praediis
395 3574 532 3618 sescena
560 3556 628 3617 sest
630 3556 680 3618 ιιι
680 3553 726 3639 ia,
753 3573 815 3639 ego
843 3554 979 3616 centena
1006 3572 1045 3615 ex
1070 3551 1166 3635 mcis3
1196 3551 1248 3616 illi

199 3636 327 3694 aurata
362 3640 497 3703 ιιιιι
482 3662 520 3706 ιιι
552 3642 645 3711 villis
675 3647 710 3712 et
743 3642 818 3710 sola
847 3661 1033 3706 marmorea
1057 3602 1192 3705 iacieriti
1216 3644 1250 3705 ιι
