<?xml version="1.0" encoding="UTF-8"?>
<!DOCTYPE html PUBLIC "-//W3C//DTD XHTML 1.0 Transitional//EN"
    "http://www.w3.org/TR/xhtml1/DTD/xhtml1-transitional.dtd">
<html xmlns="http://www.w3.org/1999/xhtml" xml:lang="en" lang="en">
 <head>
  <title>
</title>
<meta http-equiv="Content-Type" content="text/html;charset=utf-8" />
  <meta name='ocr-system' content='tesseract 3.04.00' />
  <meta name='ocr-capabilities' content='ocr_page ocr_carea ocr_par ocr_line ocrx_word'/>
</head>
<body>
  <div class='ocr_page' id='page_1' title='image "./mtulliiciceroni01mlgoog_0021.png"; bbox 0 0 2950 4150; ppageno 0'>
   <div class='ocr_carea' id='block_1_1' title="bbox 535 312 1229 383">
    <p class='ocr_par' dir='ltr' id='par_1_1' title="bbox 535 312 1229 383">
     <span class='ocr_line' id='line_1_1' title="bbox 535 312 1229 383; baseline 0.016 -17"><span class='ocrx_word' id='word_1_1' title='bbox 535 312 611 368; x_wconf 76' lang='lat' dir='ltr'><strong>car.</strong></span> <span class='ocrx_word' id='word_1_2' title='bbox 631 319 673 383; x_wconf 90' lang='lat'><strong>11,</strong></span> <span class='ocrx_word' id='word_1_3' title='bbox 692 319 733 369; x_wconf 82' lang='lat' dir='ltr'><strong>ra.</strong></span> <span class='ocrx_word' id='word_1_4' title='bbox 770 318 917 379; x_wconf 74' lang='lat' dir='ltr'><strong>see-41.</strong></span> <span class='ocrx_word' id='word_1_5' title='bbox 1165 312 1229 377; x_wconf 78' lang='lat'><strong>145</strong></span> 
     </span>
    </p>
   </div>
   <div class='ocr_carea' id='block_1_2' title="bbox 226 473 1230 824">
    <p class='ocr_par' dir='ltr' id='par_1_2' title="bbox 226 473 1230 824">
     <span class='ocr_line' id='line_1_2' title="bbox 226 473 1228 558; baseline -0.002 -18"><span class='ocrx_word' id='word_1_6' title='bbox 226 477 295 540; x_wconf 90' lang='lat' dir='ltr'><strong>bus.</strong></span> <span class='ocrx_word' id='word_1_7' title='bbox 328 474 414 550; x_wconf 83' lang='lat' dir='ltr'><strong>Quas</strong></span> <span class='ocrx_word' id='word_1_8' title='bbox 429 474 458 538; x_wconf 91' lang='lat' dir='ltr'><strong>si</strong></span> <span class='ocrx_word' id='word_1_9' title='bbox 472 473 585 558; x_wconf 84' lang='lat' dir='ltr'>exequi</span> <span class='ocrx_word' id='word_1_10' title='bbox 598 474 773 558; x_wconf 83' lang='lat' dir='ltr'><strong>nequirem,</strong></span> <span class='ocrx_word' id='word_1_11' title='bbox 790 479 902 539; x_wconf 89' lang='lat' dir='ltr'><strong>tamen</strong></span> <span class='ocrx_word' id='word_1_12' title='bbox 919 495 970 539; x_wconf 92' lang='lat' dir='ltr'><strong>me</strong></span> <span class='ocrx_word' id='word_1_13' title='bbox 986 473 1124 539; x_wconf 89' lang='lat' dir='ltr'><strong>lectulus</strong></span> <span class='ocrx_word' id='word_1_14' title='bbox 1138 495 1228 539; x_wconf 87' lang='lat' dir='ltr'><strong>meus</strong></span> 
     </span>
     <span class='ocr_line' id='line_1_3' title="bbox 227 561 1230 648; baseline -0.002 -20"><span class='ocrx_word' id='word_1_15' title='bbox 227 564 405 628; x_wconf 89' lang='lat' dir='ltr'><strong>oblectaret</strong></span> <span class='ocrx_word' id='word_1_16' title='bbox 433 583 471 626; x_wconf 91' lang='lat' dir='ltr'><strong>ea</strong></span> <span class='ocrx_word' id='word_1_17' title='bbox 497 561 569 646; x_wconf 89' lang='lat' dir='ltr'><strong>ipsa</strong></span> <span class='ocrx_word' id='word_1_18' title='bbox 598 562 812 648; x_wconf 79' lang='lat' dir='ltr'><strong>cogitantem,</strong></span> <span class='ocrx_word' id='word_1_19' title='bbox 840 583 921 646; x_wconf 90' lang='lat' dir='ltr'><strong>quae</strong></span> <span class='ocrx_word' id='word_1_20' title='bbox 948 562 1012 627; x_wconf 91' lang='lat' dir='ltr'><strong>iam</strong></span> <span class='ocrx_word' id='word_1_21' title='bbox 1041 583 1137 647; x_wconf 89' lang='lat' dir='ltr'><strong>agere</strong></span> <span class='ocrx_word' id='word_1_22' title='bbox 1163 583 1230 627; x_wconf 89' lang='lat' dir='ltr'><strong>non</strong></span> 
     </span>
     <span class='ocr_line' id='line_1_4' title="bbox 226 649 1229 736; baseline -0.002 -20"><span class='ocrx_word' id='word_1_23' title='bbox 226 673 369 736; x_wconf 74' lang='lat' dir='ltr'><strong>possem,</strong></span> <span class='ocrx_word' id='word_1_24' title='bbox 392 650 447 714; x_wconf 89' lang='lat' dir='ltr'><strong>sed</strong></span> <span class='ocrx_word' id='word_1_25' title='bbox 470 653 507 713; x_wconf 91' lang='lat' dir='ltr'><strong>ut</strong></span> <span class='ocrx_word' id='word_1_26' title='bbox 528 649 660 734; x_wconf 90' lang='lat' dir='ltr'><strong>possim,</strong></span> <span class='ocrx_word' id='word_1_27' title='bbox 682 649 762 716; x_wconf 85' lang='lat' dir='ltr'><strong>facit</strong></span> <span class='ocrx_word' id='word_1_28' title='bbox 780 654 854 716; x_wconf 87' lang='lat' dir='ltr'><strong>acta</strong></span> <span class='ocrx_word' id='word_1_29' title='bbox 876 650 953 715; x_wconf 86' lang='lat' dir='ltr'><strong>vita.</strong></span> <span class='ocrx_word' id='word_1_30' title='bbox 989 649 1122 734; x_wconf 85' lang='lat' dir='ltr'><strong>Semper</strong></span> <span class='ocrx_word' id='word_1_31' title='bbox 1145 650 1229 714; x_wconf 91' lang='lat' dir='ltr'><strong>enim</strong></span> 
     </span>
     <span class='ocr_line' id='line_1_5' title="bbox 228 737 1229 824; baseline -0.003 -21"><span class='ocrx_word' id='word_1_32' title='bbox 228 741 259 803; x_wconf 89' lang='lat' dir='ltr'><strong>in</strong></span> <span class='ocrx_word' id='word_1_33' title='bbox 286 739 338 802; x_wconf 89' lang='lat' dir='ltr'><strong>his</strong></span> <span class='ocrx_word' id='word_1_34' title='bbox 371 737 485 803; x_wconf 90' lang='lat' dir='ltr'><strong>studiis</strong></span> <span class='ocrx_word' id='word_1_35' title='bbox 517 737 747 822; x_wconf 82' lang='lat' dir='ltr'><strong>laboribusque</strong></span> <span class='ocrx_word' id='word_1_36' title='bbox 778 738 900 803; x_wconf 84' lang='lat' dir='ltr'><strong>viventi</strong></span> <span class='ocrx_word' id='word_1_37' title='bbox 930 758 997 802; x_wconf 89' lang='lat' dir='ltr'><strong>non</strong></span> <span class='ocrx_word' id='word_1_38' title='bbox 1026 737 1229 824; x_wconf 90' lang='lat' dir='ltr'><strong>intellegitur</strong></span> 
     </span>
    </p>
   </div>
   <div class='ocr_carea' id='block_1_3' title="bbox 189 825 1283 3796">
    <p class='ocr_par' dir='ltr' id='par_1_3' title="bbox 200 825 1229 911">
     <span class='ocr_line' id='line_1_6' title="bbox 200 825 1229 911; baseline 0 -20"><span class='ocrx_word' id='word_1_39' title='bbox 200 826 354 911; x_wconf 65' lang='lat' dir='ltr'><strong>equando</strong></span> <span class='ocrx_word' id='word_1_40' title='bbox 378 826 514 911; x_wconf 88' lang='lat' dir='ltr'><strong>obrepat</strong></span> <span class='ocrx_word' id='word_1_41' title='bbox 536 829 691 891; x_wconf 88' lang='lat' dir='ltr'><strong>senectus.</strong></span> <span class='ocrx_word' id='word_1_42' title='bbox 728 825 781 890; x_wconf 90' lang='lat' dir='ltr'><strong>Ita</strong></span> <span class='ocrx_word' id='word_1_43' title='bbox 799 826 919 890; x_wconf 90' lang='lat' dir='ltr'><strong>sensim</strong></span> <span class='ocrx_word' id='word_1_44' title='bbox 937 826 1006 890; x_wconf 91' lang='lat' dir='ltr'><strong>sine</strong></span> <span class='ocrx_word' id='word_1_45' title='bbox 1025 846 1121 890; x_wconf 86' lang='lat' dir='ltr'><strong>sensu</strong></span> <span class='ocrx_word' id='word_1_46' title='bbox 1139 830 1229 891; x_wconf 85' lang='lat' dir='ltr'><strong>aetas</strong></span> 
     </span>
    </p>

    <p class='ocr_par' dir='ltr' id='par_1_4' title="bbox 191 912 1229 1001">
     <span class='ocr_line' id='line_1_7' title="bbox 191 912 1229 1001; baseline -0.001 -23"><span class='ocrx_word' id='word_1_47' title='bbox 191 971 194 978; x_wconf 91' lang='lat'><strong>.</strong></span> <span class='ocrx_word' id='word_1_48' title='bbox 228 913 365 979; x_wconf 74' lang='lat' dir='ltr'><strong>senescit</strong></span> <span class='ocrx_word' id='word_1_49' title='bbox 391 935 450 979; x_wconf 92' lang='lat' dir='ltr'><strong>nec</strong></span> <span class='ocrx_word' id='word_1_50' title='bbox 477 912 586 979; x_wconf 90' lang='lat' dir='ltr'><strong>subito</strong></span> <span class='ocrx_word' id='word_1_51' title='bbox 607 913 784 1001; x_wconf 79' lang='lat' dir='ltr'><strong>frangitur,</strong></span> <span class='ocrx_word' id='word_1_52' title='bbox 814 914 870 979; x_wconf 89' lang='lat' dir='ltr'><strong>sed</strong></span> <span class='ocrx_word' id='word_1_53' title='bbox 893 913 1105 978; x_wconf 82' lang='lat' dir='ltr'><strong>diuturnitate</strong></span> <span class='ocrx_word' id='word_1_54' title='bbox 1129 914 1229 978; x_wconf 87' lang='lat' dir='ltr'><strong>extin-</strong></span> 
     </span>
    </p>

    <p class='ocr_par' dir='ltr' id='par_1_5' title="bbox 227 1008 1282 1263">
     <span class='ocr_line' id='line_1_8' title="bbox 228 1008 1282 1186; baseline 0 -32"><span class='ocrx_word' id='word_1_55' title='bbox 228 1008 444 1173; x_wconf 57' lang='lat' dir='ltr'><strong>glutdldquitur</strong></span> <span class='ocrx_word' id='word_1_56' title='bbox 471 1089 569 1154; x_wconf 89' lang='lat' dir='ltr'><strong>tertia</strong></span> <span class='ocrx_word' id='word_1_57' title='bbox 595 1089 792 1174; x_wconf 88' lang='lat' dir='ltr'><strong>vituperatio</strong></span> <span class='ocrx_word' id='word_1_58' title='bbox 821 1090 1008 1174; x_wconf 79' lang='lat' dir='ltr'><strong>senectutis,</strong></span> <span class='ocrx_word' id='word_1_59' title='bbox 1041 1089 1127 1175; x_wconf 91' lang='lat' dir='ltr'><strong>quod</strong></span> <span class='ocrx_word' id='word_1_60' title='bbox 1158 1111 1229 1154; x_wconf 90' lang='lat' dir='ltr'><strong>eam</strong></span> <span class='ocrx_word' id='word_1_61' title='bbox 1241 1059 1282 1186; x_wconf 54' lang='lat'><strong>133</strong></span> 
     </span>
     <span class='ocr_line' id='line_1_9' title="bbox 227 1177 1228 1263; baseline 0 -21"><span class='ocrx_word' id='word_1_62' title='bbox 227 1199 335 1243; x_wconf 89' lang='lat' dir='ltr'><strong>carere</strong></span> <span class='ocrx_word' id='word_1_63' title='bbox 354 1177 465 1243; x_wconf 91' lang='lat' dir='ltr'><strong>dicunt</strong></span> <span class='ocrx_word' id='word_1_64' title='bbox 481 1178 714 1262; x_wconf 84' lang='lat' dir='ltr'><strong>voluptatibus.</strong></span> <span class='ocrx_word' id='word_1_65' title='bbox 751 1177 779 1242; x_wconf 95' lang='lat'>0</span> <span class='ocrx_word' id='word_1_66' title='bbox 798 1179 999 1263; x_wconf 88' lang='lat' dir='ltr'><strong>praeclarum</strong></span> <span class='ocrx_word' id='word_1_67' title='bbox 1012 1199 1128 1242; x_wconf 88' lang='lat' dir='ltr'><strong>munus</strong></span> <span class='ocrx_word' id='word_1_68' title='bbox 1144 1180 1228 1242; x_wconf 89' lang='lat' dir='ltr'><strong>aeta-</strong></span> 
     </span>
    </p>

    <p class='ocr_par' dir='ltr' id='par_1_6' title="bbox 189 1264 1231 1694">
     <span class='ocr_line' id='line_1_10' title="bbox 189 1264 1228 1350; baseline 0 -20"><span class='ocrx_word' id='word_1_69' title='bbox 189 1285 214 1323; x_wconf 87' lang='lat'><strong>10</strong></span> <span class='ocrx_word' id='word_1_70' title='bbox 228 1267 285 1350; x_wconf 88' lang='lat' dir='ltr'><strong>tis,</strong></span> <span class='ocrx_word' id='word_1_71' title='bbox 312 1265 470 1349; x_wconf 83' lang='lat' dir='ltr'><strong>siquidem</strong></span> <span class='ocrx_word' id='word_1_72' title='bbox 497 1265 530 1329; x_wconf 92' lang='lat' dir='ltr'><strong>id</strong></span> <span class='ocrx_word' id='word_1_73' title='bbox 558 1265 663 1331; x_wconf 82' lang='lat' dir='ltr'><strong>aufert</strong></span> <span class='ocrx_word' id='word_1_74' title='bbox 690 1288 710 1330; x_wconf 86' lang='lat' dir='ltr'><strong>a</strong></span> <span class='ocrx_word' id='word_1_75' title='bbox 735 1266 845 1350; x_wconf 88' lang='lat' dir='ltr'><strong>nobis,</strong></span> <span class='ocrx_word' id='word_1_76' title='bbox 873 1266 958 1349; x_wconf 92' lang='lat' dir='ltr'><strong>quod</strong></span> <span class='ocrx_word' id='word_1_77' title='bbox 985 1269 1035 1331; x_wconf 91' lang='lat' dir='ltr'><strong>est</strong></span> <span class='ocrx_word' id='word_1_78' title='bbox 1061 1266 1095 1330; x_wconf 93' lang='lat' dir='ltr'><strong>in</strong></span> <span class='ocrx_word' id='word_1_79' title='bbox 1123 1264 1228 1330; x_wconf 89' lang='lat' dir='ltr'><strong>adule-</strong></span> 
     </span>
     <span class='ocr_line' id='line_1_11' title="bbox 228 1353 1230 1440; baseline -0.003 -21"><span class='ocrx_word' id='word_1_80' title='bbox 228 1354 351 1420; x_wconf 86' lang='lat' dir='ltr'><strong>scentia</strong></span> <span class='ocrx_word' id='word_1_81' title='bbox 379 1353 635 1440; x_wconf 84' lang='lat' dir='ltr'><strong>vitiosissimum!</strong></span> <span class='ocrx_word' id='word_1_82' title='bbox 680 1353 826 1439; x_wconf 86' lang='lat' dir='ltr'><strong>Accipite</strong></span> <span class='ocrx_word' id='word_1_83' title='bbox 854 1355 953 1437; x_wconf 92' lang='lat' dir='ltr'><strong>enim,</strong></span> <span class='ocrx_word' id='word_1_84' title='bbox 982 1353 1098 1438; x_wconf 92' lang='lat' dir='ltr'><strong>optimi</strong></span> <span class='ocrx_word' id='word_1_85' title='bbox 1125 1354 1230 1419; x_wconf 79' lang='lat' dir='ltr'><strong>adule</strong></span> 
     </span>
     <span class='ocr_line' id='line_1_12' title="bbox 228 1441 1230 1527; baseline -0.001 -21"><span class='ocrx_word' id='word_1_86' title='bbox 228 1445 363 1526; x_wconf 87' lang='lat' dir='ltr'><strong>scentes,</strong></span> <span class='ocrx_word' id='word_1_87' title='bbox 385 1446 527 1507; x_wconf 88' lang='lat' dir='ltr'><strong>veterem</strong></span> <span class='ocrx_word' id='word_1_88' title='bbox 550 1441 729 1507; x_wconf 90' lang='lat' dir='ltr'><strong>orationem</strong></span> <span class='ocrx_word' id='word_1_89' title='bbox 743 1442 907 1527; x_wconf 83' lang='lat' dir='ltr'><strong>Archytae</strong></span> <span class='ocrx_word' id='word_1_90' title='bbox 921 1441 1097 1526; x_wconf 82' lang='lat' dir='ltr'><strong>Tarentini,</strong></span> <span class='ocrx_word' id='word_1_91' title='bbox 1120 1441 1230 1527; x_wconf 88' lang='lat' dir='ltr'><strong>magni</strong></span> 
     </span>
     <span class='ocr_line' id='line_1_13' title="bbox 227 1529 1231 1615; baseline 0 -20"><span class='ocrx_word' id='word_1_92' title='bbox 227 1531 262 1595; x_wconf 93' lang='lat' dir='ltr'><strong>in</strong></span> <span class='ocrx_word' id='word_1_93' title='bbox 284 1529 398 1615; x_wconf 91' lang='lat' dir='ltr'><strong>primis</strong></span> <span class='ocrx_word' id='word_1_94' title='bbox 417 1534 450 1594; x_wconf 92' lang='lat' dir='ltr'><strong>et</strong></span> <span class='ocrx_word' id='word_1_95' title='bbox 467 1531 626 1614; x_wconf 89' lang='lat' dir='ltr'><strong>praeclari</strong></span> <span class='ocrx_word' id='word_1_96' title='bbox 643 1530 714 1614; x_wconf 80' lang='lat' dir='ltr'><strong>viri,</strong></span> <span class='ocrx_word' id='word_1_97' title='bbox 738 1552 819 1615; x_wconf 89' lang='lat' dir='ltr'><strong>quae</strong></span> <span class='ocrx_word' id='word_1_98' title='bbox 838 1530 919 1595; x_wconf 93' lang='lat' dir='ltr'><strong>mihi</strong></span> <span class='ocrx_word' id='word_1_99' title='bbox 937 1529 1059 1595; x_wconf 89' lang='lat' dir='ltr'><strong>tradita</strong></span> <span class='ocrx_word' id='word_1_100' title='bbox 1077 1533 1135 1613; x_wconf 90' lang='lat' dir='ltr'><strong>est,</strong></span> <span class='ocrx_word' id='word_1_101' title='bbox 1157 1551 1231 1595; x_wconf 92' lang='lat' dir='ltr'><strong>cum</strong></span> 
     </span>
     <span class='ocr_line' id='line_1_14' title="bbox 229 1616 1230 1694; baseline -0.001 -12"><span class='ocrx_word' id='word_1_102' title='bbox 229 1639 332 1682; x_wconf 89' lang='lat' dir='ltr'><strong>essem</strong></span> <span class='ocrx_word' id='word_1_103' title='bbox 363 1618 549 1684; x_wconf 83' lang='lat' dir='ltr'><strong>adulescens</strong></span> <span class='ocrx_word' id='word_1_104' title='bbox 576 1618 709 1683; x_wconf 86' lang='lat' dir='ltr'><strong>Tarenti</strong></span> <span class='ocrx_word' id='word_1_105' title='bbox 739 1641 812 1684; x_wconf 93' lang='lat' dir='ltr'><strong>cum</strong></span> <span class='ocrx_word' id='word_1_106' title='bbox 839 1616 875 1694; x_wconf 82' lang='lat' dir='ltr'><strong>Q.</strong></span> <span class='ocrx_word' id='word_1_107' title='bbox 902 1618 1052 1684; x_wconf 85' lang='lat' dir='ltr'><strong>Maximo.</strong></span> <span class='ocrx_word' id='word_1_108' title='bbox 1096 1616 1230 1682; x_wconf 88' lang='lat' dir='ltr'><strong>Nullam</strong></span> 
     </span>
    </p>

    <p class='ocr_par' dir='ltr' id='par_1_7' title="bbox 190 1705 1283 2143">
     <span class='ocr_line' id='line_1_15' title="bbox 190 1705 1231 1792; baseline -0.002 -21"><span class='ocrx_word' id='word_1_109' title='bbox 190 1723 215 1763; x_wconf 82' lang='lat'><strong>1⁵</strong></span> <span class='ocrx_word' id='word_1_110' title='bbox 230 1705 452 1791; x_wconf 88' lang='lat' dir='ltr'><strong>capitaliorem</strong></span> <span class='ocrx_word' id='word_1_111' title='bbox 474 1710 599 1791; x_wconf 90' lang='lat' dir='ltr'><strong>pestem</strong></span> <span class='ocrx_word' id='word_1_112' title='bbox 623 1728 720 1790; x_wconf 87' lang='lat' dir='ltr'><strong>quam</strong></span> <span class='ocrx_word' id='word_1_113' title='bbox 742 1708 944 1792; x_wconf 84' lang='lat' dir='ltr'><strong>voluptatem</strong></span> <span class='ocrx_word' id='word_1_114' title='bbox 967 1706 1111 1789; x_wconf 88' lang='lat' dir='ltr'><strong>corporis</strong></span> <span class='ocrx_word' id='word_1_115' title='bbox 1129 1706 1231 1770; x_wconf 90' lang='lat' dir='ltr'><strong>homi·</strong></span> 
     </span>
     <span class='ocr_line' id='line_1_16' title="bbox 228 1793 1231 1879; baseline -0.001 -20"><span class='ocrx_word' id='word_1_116' title='bbox 228 1794 323 1859; x_wconf 88' lang='lat' dir='ltr'><strong>nibus</strong></span> <span class='ocrx_word' id='word_1_117' title='bbox 347 1794 473 1859; x_wconf 90' lang='lat' dir='ltr'><strong>dicebat</strong></span> <span class='ocrx_word' id='word_1_118' title='bbox 496 1818 516 1859; x_wconf 88' lang='lat' dir='ltr'><strong>a</strong></span> <span class='ocrx_word' id='word_1_119' title='bbox 533 1798 650 1860; x_wconf 90' lang='lat' dir='ltr'><strong>natura</strong></span> <span class='ocrx_word' id='word_1_120' title='bbox 671 1795 790 1879; x_wconf 89' lang='lat' dir='ltr'><strong>datam,</strong></span> <span class='ocrx_word' id='word_1_121' title='bbox 813 1795 902 1860; x_wconf 88' lang='lat' dir='ltr'><strong>cuius</strong></span> <span class='ocrx_word' id='word_1_122' title='bbox 919 1793 1098 1878; x_wconf 84' lang='lat' dir='ltr'><strong>voluptatis</strong></span> <span class='ocrx_word' id='word_1_123' title='bbox 1119 1793 1231 1858; x_wconf 85' lang='lat' dir='ltr'><strong>avidae</strong></span> 
     </span>
     <span class='ocr_line' id='line_1_17' title="bbox 229 1880 1230 1966; baseline -0.002 -20"><span class='ocrx_word' id='word_1_124' title='bbox 229 1882 378 1947; x_wconf 87' lang='lat' dir='ltr'><strong>libidines</strong></span> <span class='ocrx_word' id='word_1_125' title='bbox 400 1886 520 1946; x_wconf 89' lang='lat' dir='ltr'><strong>temere</strong></span> <span class='ocrx_word' id='word_1_126' title='bbox 548 1887 581 1947; x_wconf 91' lang='lat' dir='ltr'><strong>et</strong></span> <span class='ocrx_word' id='word_1_127' title='bbox 604 1882 763 1947; x_wconf 83' lang='lat' dir='ltr'><strong>ecfrenato</strong></span> <span class='ocrx_word' id='word_1_128' title='bbox 787 1883 827 1947; x_wconf 91' lang='lat' dir='ltr'><strong>ad</strong></span> <span class='ocrx_word' id='word_1_129' title='bbox 850 1881 1038 1966; x_wconf 90' lang='lat' dir='ltr'><strong>potiendum</strong></span> <span class='ocrx_word' id='word_1_130' title='bbox 1061 1880 1230 1945; x_wconf 88' lang='lat' dir='ltr'><strong>incitaren-</strong></span> 
     </span>
     <span class='ocr_line' id='line_1_18' title="bbox 229 1969 1283 2055; baseline 0.001 -21"><span class='ocrx_word' id='word_1_131' title='bbox 229 1975 291 2035; x_wconf 90' lang='lat' dir='ltr'><strong>tur.</strong></span> <span class='ocrx_word' id='word_1_132' title='bbox 326 1969 410 2034; x_wconf 89' lang='lat' dir='ltr'><strong>Hinc</strong></span> <span class='ocrx_word' id='word_1_133' title='bbox 433 1969 557 2055; x_wconf 85' lang='lat' dir='ltr'><strong>patriae</strong></span> <span class='ocrx_word' id='word_1_134' title='bbox 580 1970 788 2054; x_wconf 86' lang='lat' dir='ltr'><strong>proditiones,</strong></span> <span class='ocrx_word' id='word_1_135' title='bbox 810 1969 885 2034; x_wconf 91' lang='lat' dir='ltr'><strong>hinc</strong></span> <span class='ocrx_word' id='word_1_136' title='bbox 903 1992 1011 2035; x_wconf 91' lang='lat' dir='ltr'><strong>rerum</strong></span> <span class='ocrx_word' id='word_1_137' title='bbox 1028 1969 1231 2054; x_wconf 88' lang='lat' dir='ltr'><strong>publicarum</strong></span> <span class='ocrx_word' id='word_1_138' title='bbox 1249 1985 1283 2035; x_wconf 78' lang='lat'><strong>40</strong></span> 
     </span>
     <span class='ocr_line' id='line_1_19' title="bbox 231 2057 1231 2143; baseline -0.001 -19"><span class='ocrx_word' id='word_1_139' title='bbox 231 2058 424 2142; x_wconf 86' lang='lat' dir='ltr'><strong>eversiones,</strong></span> <span class='ocrx_word' id='word_1_140' title='bbox 456 2058 531 2124; x_wconf 89' lang='lat' dir='ltr'><strong>hinc</strong></span> <span class='ocrx_word' id='word_1_141' title='bbox 563 2079 635 2123; x_wconf 89' lang='lat' dir='ltr'><strong>cum</strong></span> <span class='ocrx_word' id='word_1_142' title='bbox 665 2057 814 2128; x_wconf 88' lang='lat' dir='ltr'><strong>hostibus</strong></span> <span class='ocrx_word' id='word_1_143' title='bbox 843 2057 1042 2125; x_wconf 90' lang='lat' dir='ltr'><strong>clandestina</strong></span> <span class='ocrx_word' id='word_1_144' title='bbox 1069 2057 1231 2143; x_wconf 88' lang='lat' dir='ltr'><strong>colloquia</strong></span> 
     </span>
    </p>

    <p class='ocr_par' dir='ltr' id='par_1_8' title="bbox 190 2146 1231 2583">
     <span class='ocr_line' id='line_1_20' title="bbox 190 2146 1231 2232; baseline -0.001 -19"><span class='ocrx_word' id='word_1_145' title='bbox 190 2147 332 2232; x_wconf 71' lang='lat' dir='ltr'><strong>renasci,</strong></span> <span class='ocrx_word' id='word_1_146' title='bbox 358 2147 483 2212; x_wconf 90' lang='lat' dir='ltr'><strong>nullum</strong></span> <span class='ocrx_word' id='word_1_147' title='bbox 506 2146 642 2230; x_wconf 90' lang='lat' dir='ltr'><strong>denique</strong></span> <span class='ocrx_word' id='word_1_148' title='bbox 665 2147 782 2231; x_wconf 91' lang='lat' dir='ltr'><strong>scelus,</strong></span> <span class='ocrx_word' id='word_1_149' title='bbox 808 2148 934 2211; x_wconf 90' lang='lat' dir='ltr'><strong>nullum</strong></span> <span class='ocrx_word' id='word_1_150' title='bbox 962 2148 1083 2213; x_wconf 91' lang='lat' dir='ltr'><strong>malum</strong></span> <span class='ocrx_word' id='word_1_151' title='bbox 1106 2146 1231 2212; x_wconf 85' lang='lat' dir='ltr'><strong>facinus</strong></span> 
     </span>
     <span class='ocr_line' id='line_1_21' title="bbox 231 2234 1230 2320; baseline 0 -21"><span class='ocrx_word' id='word_1_152' title='bbox 231 2257 315 2317; x_wconf 90' lang='lat' dir='ltr'><strong>esse,</strong></span> <span class='ocrx_word' id='word_1_153' title='bbox 344 2236 383 2300; x_wconf 87' lang='lat' dir='ltr'><strong>ad</strong></span> <span class='ocrx_word' id='word_1_154' title='bbox 407 2236 491 2318; x_wconf 91' lang='lat' dir='ltr'><strong>quod</strong></span> <span class='ocrx_word' id='word_1_155' title='bbox 514 2234 751 2319; x_wconf 88' lang='lat' dir='ltr'><strong>suscipiendum</strong></span> <span class='ocrx_word' id='word_1_156' title='bbox 773 2256 838 2299; x_wconf 95' lang='lat' dir='ltr'><strong>non</strong></span> <span class='ocrx_word' id='word_1_157' title='bbox 861 2235 961 2300; x_wconf 92' lang='lat' dir='ltr'><strong>libido</strong></span> <span class='ocrx_word' id='word_1_158' title='bbox 983 2236 1162 2320; x_wconf 88' lang='lat' dir='ltr'><strong>voluptatis</strong></span> <span class='ocrx_word' id='word_1_159' title='bbox 1185 2235 1230 2299; x_wconf 93' lang='lat' dir='ltr'><strong>in·</strong></span> 
     </span>
     <span class='ocr_line' id='line_1_22' title="bbox 230 2322 1230 2408; baseline -0.003 -20"><span class='ocrx_word' id='word_1_160' title='bbox 230 2324 376 2408; x_wconf 90' lang='lat' dir='ltr'><strong>pelleret,</strong></span> <span class='ocrx_word' id='word_1_161' title='bbox 404 2326 517 2407; x_wconf 86' lang='lat' dir='ltr'><strong>stupra</strong></span> <span class='ocrx_word' id='word_1_162' title='bbox 539 2344 615 2387; x_wconf 87' lang='lat' dir='ltr'><strong>vero</strong></span> <span class='ocrx_word' id='word_1_163' title='bbox 639 2327 672 2387; x_wconf 93' lang='lat' dir='ltr'><strong>et</strong></span> <span class='ocrx_word' id='word_1_164' title='bbox 695 2322 852 2387; x_wconf 91' lang='lat' dir='ltr'><strong>adulteria</strong></span> <span class='ocrx_word' id='word_1_165' title='bbox 875 2327 908 2387; x_wconf 90' lang='lat' dir='ltr'><strong>et</strong></span> <span class='ocrx_word' id='word_1_166' title='bbox 930 2345 1023 2387; x_wconf 93' lang='lat' dir='ltr'><strong>omne</strong></span> <span class='ocrx_word' id='word_1_167' title='bbox 1045 2324 1112 2388; x_wconf 88' lang='lat' dir='ltr'><strong>tale</strong></span> <span class='ocrx_word' id='word_1_168' title='bbox 1139 2322 1230 2407; x_wconf 89' lang='lat' dir='ltr'><strong>flagi·</strong></span> 
     </span>
     <span class='ocr_line' id='line_1_23' title="bbox 230 2409 1231 2495; baseline -0.002 -20"><span class='ocrx_word' id='word_1_169' title='bbox 230 2411 312 2475; x_wconf 88' lang='lat' dir='ltr'><strong>tium</strong></span> <span class='ocrx_word' id='word_1_170' title='bbox 344 2411 441 2475; x_wconf 91' lang='lat' dir='ltr'><strong>nullis</strong></span> <span class='ocrx_word' id='word_1_171' title='bbox 474 2410 608 2476; x_wconf 87' lang='lat' dir='ltr'><strong>excitari</strong></span> <span class='ocrx_word' id='word_1_172' title='bbox 640 2410 712 2475; x_wconf 88' lang='lat' dir='ltr'><strong>aliis</strong></span> <span class='ocrx_word' id='word_1_173' title='bbox 744 2409 914 2475; x_wconf 88' lang='lat' dir='ltr'><strong>inlecebris</strong></span> <span class='ocrx_word' id='word_1_174' title='bbox 944 2410 1008 2475; x_wconf 87' lang='lat' dir='ltr'><strong>nisi</strong></span> <span class='ocrx_word' id='word_1_175' title='bbox 1038 2410 1231 2495; x_wconf 83' lang='lat' dir='ltr'><strong>voluptatis3</strong></span> 
     </span>
     <span class='ocr_line' id='line_1_24' title="bbox 230 2497 1231 2583; baseline -0.002 -19"><span class='ocrx_word' id='word_1_176' title='bbox 230 2520 366 2582; x_wconf 91' lang='lat' dir='ltr'><strong>cumque</strong></span> <span class='ocrx_word' id='word_1_177' title='bbox 384 2498 507 2563; x_wconf 91' lang='lat' dir='ltr'><strong>homini</strong></span> <span class='ocrx_word' id='word_1_178' title='bbox 525 2500 592 2563; x_wconf 89' lang='lat' dir='ltr'><strong>sive</strong></span> <span class='ocrx_word' id='word_1_179' title='bbox 610 2502 728 2565; x_wconf 88' lang='lat' dir='ltr'><strong>natura</strong></span> <span class='ocrx_word' id='word_1_180' title='bbox 746 2498 813 2563; x_wconf 90' lang='lat' dir='ltr'><strong>sive</strong></span> <span class='ocrx_word' id='word_1_181' title='bbox 837 2498 908 2583; x_wconf 90' lang='lat' dir='ltr'><strong>quis</strong></span> <span class='ocrx_word' id='word_1_182' title='bbox 928 2497 1004 2563; x_wconf 88' lang='lat' dir='ltr'><strong>deus</strong></span> <span class='ocrx_word' id='word_1_183' title='bbox 1022 2498 1105 2563; x_wconf 92' lang='lat' dir='ltr'><strong>nihil</strong></span> <span class='ocrx_word' id='word_1_184' title='bbox 1123 2503 1231 2562; x_wconf 90' lang='lat' dir='ltr'><strong>mente</strong></span> 
     </span>
    </p>

    <p class='ocr_par' dir='ltr' id='par_1_9' title="bbox 190 2586 1279 3025">
     <span class='ocr_line' id='line_1_25' title="bbox 190 2586 1230 2671; baseline 0.005 -26"><span class='ocrx_word' id='word_1_185' title='bbox 190 2604 217 2645; x_wconf 79' lang='lat' dir='ltr'><strong>aa</strong></span> <span class='ocrx_word' id='word_1_186' title='bbox 232 2586 459 2671; x_wconf 89' lang='lat' dir='ltr'><strong>praestabilius</strong></span> <span class='ocrx_word' id='word_1_187' title='bbox 479 2588 627 2671; x_wconf 90' lang='lat' dir='ltr'><strong>dedisset,</strong></span> <span class='ocrx_word' id='word_1_188' title='bbox 644 2588 720 2653; x_wconf 92' lang='lat' dir='ltr'><strong>huic</strong></span> <span class='ocrx_word' id='word_1_189' title='bbox 739 2587 846 2652; x_wconf 81' lang='lat' dir='ltr'><strong>divino</strong></span> <span class='ocrx_word' id='word_1_190' title='bbox 861 2587 986 2653; x_wconf 89' lang='lat' dir='ltr'><strong>muneri</strong></span> <span class='ocrx_word' id='word_1_191' title='bbox 999 2610 1037 2653; x_wconf 85' lang='lat' dir='ltr'><strong>ac</strong></span> <span class='ocrx_word' id='word_1_192' title='bbox 1051 2588 1134 2652; x_wconf 92' lang='lat' dir='ltr'><strong>dono</strong></span> <span class='ocrx_word' id='word_1_193' title='bbox 1149 2586 1230 2651; x_wconf 91' lang='lat' dir='ltr'><strong>nihil</strong></span> 
     </span>
     <span class='ocr_line' id='line_1_26' title="bbox 231 2674 1279 2760; baseline 0 -22"><span class='ocrx_word' id='word_1_194' title='bbox 231 2679 300 2738; x_wconf 92' lang='lat' dir='ltr'><strong>tam</strong></span> <span class='ocrx_word' id='word_1_195' title='bbox 323 2696 392 2739; x_wconf 90' lang='lat' dir='ltr'><strong>esse</strong></span> <span class='ocrx_word' id='word_1_196' title='bbox 414 2674 578 2740; x_wconf 91' lang='lat' dir='ltr'><strong>inimicum</strong></span> <span class='ocrx_word' id='word_1_197' title='bbox 602 2698 699 2759; x_wconf 89' lang='lat' dir='ltr'><strong>quam</strong></span> <span class='ocrx_word' id='word_1_198' title='bbox 720 2676 935 2760; x_wconf 80' lang='lat' dir='ltr'><strong>voluptatem3</strong></span> <span class='ocrx_word' id='word_1_199' title='bbox 962 2697 1021 2742; x_wconf 91' lang='lat' dir='ltr'><strong>nec</strong></span> <span class='ocrx_word' id='word_1_200' title='bbox 1048 2676 1132 2741; x_wconf 90' lang='lat' dir='ltr'><strong>enim</strong></span> <span class='ocrx_word' id='word_1_201' title='bbox 1160 2675 1230 2739; x_wconf 95' lang='lat' dir='ltr'><strong>libi·</strong></span> <span class='ocrx_word' id='word_1_202' title='bbox 1249 2692 1279 2738; x_wconf 79' lang='lat'><strong>41</strong></span> 
     </span>
     <span class='ocr_line' id='line_1_27' title="bbox 231 2762 1231 2848; baseline 0.002 -21"><span class='ocrx_word' id='word_1_203' title='bbox 231 2763 305 2827; x_wconf 90' lang='lat' dir='ltr'><strong>dine</strong></span> <span class='ocrx_word' id='word_1_204' title='bbox 333 2762 517 2828; x_wconf 88' lang='lat' dir='ltr'><strong>dominante</strong></span> <span class='ocrx_word' id='word_1_205' title='bbox 544 2764 776 2848; x_wconf 90' lang='lat' dir='ltr'><strong>temperantiae</strong></span> <span class='ocrx_word' id='word_1_206' title='bbox 798 2765 904 2829; x_wconf 92' lang='lat' dir='ltr'><strong>locum</strong></span> <span class='ocrx_word' id='word_1_207' title='bbox 928 2786 1011 2848; x_wconf 87' lang='lat' dir='ltr'><strong>esse,</strong></span> <span class='ocrx_word' id='word_1_208' title='bbox 1039 2785 1142 2847; x_wconf 90' lang='lat' dir='ltr'><strong>neque</strong></span> <span class='ocrx_word' id='word_1_209' title='bbox 1166 2785 1231 2829; x_wconf 93' lang='lat' dir='ltr'><strong>om-</strong></span> 
     </span>
     <span class='ocr_line' id='line_1_28' title="bbox 230 2850 1231 2937; baseline 0.001 -22"><span class='ocrx_word' id='word_1_210' title='bbox 230 2850 307 2916; x_wconf 91' lang='lat' dir='ltr'><strong>nino</strong></span> <span class='ocrx_word' id='word_1_211' title='bbox 338 2851 373 2916; x_wconf 89' lang='lat' dir='ltr'><strong>in</strong></span> <span class='ocrx_word' id='word_1_212' title='bbox 403 2851 581 2935; x_wconf 84' lang='lat' dir='ltr'><strong>voluptatis</strong></span> <span class='ocrx_word' id='word_1_213' title='bbox 613 2873 712 2937; x_wconf 89' lang='lat' dir='ltr'><strong>regno</strong></span> <span class='ocrx_word' id='word_1_214' title='bbox 745 2851 899 2916; x_wconf 87' lang='lat' dir='ltr'><strong>virtutem</strong></span> <span class='ocrx_word' id='word_1_215' title='bbox 925 2873 1019 2936; x_wconf 87' lang='lat' dir='ltr'><strong>posse</strong></span> <span class='ocrx_word' id='word_1_216' title='bbox 1046 2851 1231 2917; x_wconf 87' lang='lat' dir='ltr'><strong>consistere.</strong></span> 
     </span>
     <span class='ocr_line' id='line_1_29' title="bbox 232 2936 1231 3025; baseline -0.001 -22"><span class='ocrx_word' id='word_1_217' title='bbox 232 2936 324 3014; x_wconf 82' lang='lat' dir='ltr'><strong>Quod</strong></span> <span class='ocrx_word' id='word_1_218' title='bbox 348 2961 410 3024; x_wconf 94' lang='lat' dir='ltr'><strong>quo</strong></span> <span class='ocrx_word' id='word_1_219' title='bbox 433 2940 538 3025; x_wconf 88' lang='lat' dir='ltr'><strong>magis</strong></span> <span class='ocrx_word' id='word_1_220' title='bbox 560 2940 706 3025; x_wconf 81' lang='lat' dir='ltr'><strong>intellegi</strong></span> <span class='ocrx_word' id='word_1_221' title='bbox 729 2942 849 3024; x_wconf 90' lang='lat' dir='ltr'><strong>posset,</strong></span> <span class='ocrx_word' id='word_1_222' title='bbox 870 2940 992 3025; x_wconf 90' lang='lat' dir='ltr'><strong>fingere</strong></span> <span class='ocrx_word' id='word_1_223' title='bbox 1015 2940 1122 3004; x_wconf 90' lang='lat' dir='ltr'><strong>animo</strong></span> <span class='ocrx_word' id='word_1_224' title='bbox 1145 2939 1231 3004; x_wconf 90' lang='lat' dir='ltr'><strong>iube·</strong></span> 
     </span>
    </p>

    <p class='ocr_par' dir='ltr' id='par_1_10' title="bbox 192 3028 1231 3461">
     <span class='ocr_line' id='line_1_30' title="bbox 192 3028 1231 3112; baseline -0.002 -21"><span class='ocrx_word' id='word_1_225' title='bbox 192 3044 218 3085; x_wconf 68' lang='grc' dir='ltr'><em>ω</em></span> <span class='ocrx_word' id='word_1_226' title='bbox 232 3030 291 3092; x_wconf 89' lang='lat' dir='ltr'><strong>bat</strong></span> <span class='ocrx_word' id='word_1_227' title='bbox 308 3031 401 3093; x_wconf 87' lang='lat' dir='ltr'><strong>tanta</strong></span> <span class='ocrx_word' id='word_1_228' title='bbox 416 3028 586 3092; x_wconf 90' lang='lat' dir='ltr'><strong>incitatum</strong></span> <span class='ocrx_word' id='word_1_229' title='bbox 602 3028 742 3110; x_wconf 90' lang='lat' dir='ltr'><strong>aliquem</strong></span> <span class='ocrx_word' id='word_1_230' title='bbox 756 3028 925 3112; x_wconf 84' lang='lat' dir='ltr'><strong>voluptate</strong></span> <span class='ocrx_word' id='word_1_231' title='bbox 939 3028 1091 3112; x_wconf 90' lang='lat' dir='ltr'><strong>corporis,</strong></span> <span class='ocrx_word' id='word_1_232' title='bbox 1110 3028 1231 3111; x_wconf 87' lang='lat' dir='ltr'><strong>quanta</strong></span> 
     </span>
     <span class='ocr_line' id='line_1_31' title="bbox 232 3115 1231 3201; baseline -0.002 -22"><span class='ocrx_word' id='word_1_233' title='bbox 232 3116 353 3201; x_wconf 92' lang='lat' dir='ltr'><strong>percipi</strong></span> <span class='ocrx_word' id='word_1_234' title='bbox 376 3119 487 3200; x_wconf 90' lang='lat' dir='ltr'><strong>posset</strong></span> <span class='ocrx_word' id='word_1_235' title='bbox 510 3115 663 3198; x_wconf 80' lang='lat' dir='ltr'><strong>maxima3</strong></span> <span class='ocrx_word' id='word_1_236' title='bbox 685 3115 806 3179; x_wconf 90' lang='lat' dir='ltr'><strong>nemini</strong></span> <span class='ocrx_word' id='word_1_237' title='bbox 829 3116 979 3180; x_wconf 89' lang='lat' dir='ltr'><strong>censebat</strong></span> <span class='ocrx_word' id='word_1_238' title='bbox 1001 3115 1070 3180; x_wconf 85' lang='lat' dir='ltr'><strong>fore</strong></span> <span class='ocrx_word' id='word_1_239' title='bbox 1091 3115 1231 3198; x_wconf 86' lang='lat' dir='ltr'><strong>dubium,</strong></span> 
     </span>
     <span class='ocr_line' id='line_1_32' title="bbox 232 3202 1231 3289; baseline -0.003 -22"><span class='ocrx_word' id='word_1_240' title='bbox 232 3204 400 3287; x_wconf 89' lang='lat' dir='ltr'><strong>quintam</strong></span> <span class='ocrx_word' id='word_1_241' title='bbox 424 3203 486 3288; x_wconf 92' lang='lat' dir='ltr'><strong>diu,</strong></span> <span class='ocrx_word' id='word_1_242' title='bbox 511 3203 587 3266; x_wconf 92' lang='lat' dir='ltr'><strong>dum</strong></span> <span class='ocrx_word' id='word_1_243' title='bbox 608 3202 656 3267; x_wconf 88' lang='lat' dir='ltr'><strong>ita</strong></span> <span class='ocrx_word' id='word_1_244' title='bbox 679 3203 842 3287; x_wconf 87' lang='lat' dir='ltr'><strong>gauderet,</strong></span> <span class='ocrx_word' id='word_1_245' title='bbox 863 3203 945 3267; x_wconf 90' lang='lat' dir='ltr'><strong>nihil</strong></span> <span class='ocrx_word' id='word_1_246' title='bbox 969 3206 1093 3289; x_wconf 89' lang='lat' dir='ltr'><strong>agitare</strong></span> <span class='ocrx_word' id='word_1_247' title='bbox 1116 3206 1231 3284; x_wconf 90' lang='lat' dir='ltr'><strong>mente,</strong></span> 
     </span>
     <span class='ocr_line' id='line_1_33' title="bbox 231 3287 1231 3376; baseline -0.004 -20"><span class='ocrx_word' id='word_1_248' title='bbox 231 3292 314 3356; x_wconf 90' lang='lat' dir='ltr'><strong>nihil</strong></span> <span class='ocrx_word' id='word_1_249' title='bbox 337 3292 471 3374; x_wconf 88' lang='lat' dir='ltr'><strong>ratione,</strong></span> <span class='ocrx_word' id='word_1_250' title='bbox 493 3291 575 3354; x_wconf 94' lang='lat' dir='ltr'><strong>nihil</strong></span> <span class='ocrx_word' id='word_1_251' title='bbox 599 3290 795 3376; x_wconf 90' lang='lat' dir='ltr'><strong>cogitatione</strong></span> <span class='ocrx_word' id='word_1_252' title='bbox 821 3290 972 3374; x_wconf 85' lang='lat' dir='ltr'><strong>consequi</strong></span> <span class='ocrx_word' id='word_1_253' title='bbox 994 3294 1112 3376; x_wconf 84' lang='lat' dir='ltr'><strong>posset.</strong></span> <span class='ocrx_word' id='word_1_254' title='bbox 1149 3287 1231 3362; x_wconf 82' lang='lat' dir='ltr'><strong>Quo·</strong></span> 
     </span>
     <span class='ocr_line' id='line_1_34' title="bbox 232 3375 1231 3461; baseline -0.004 -16"><span class='ocrx_word' id='word_1_255' title='bbox 232 3380 317 3445; x_wconf 92' lang='lat' dir='ltr'><strong>circa</strong></span> <span class='ocrx_word' id='word_1_256' title='bbox 347 3380 429 3443; x_wconf 90' lang='lat' dir='ltr'><strong>nibil</strong></span> <span class='ocrx_word' id='word_1_257' title='bbox 461 3400 530 3443; x_wconf 89' lang='lat' dir='ltr'><strong>esse</strong></span> <span class='ocrx_word' id='word_1_258' title='bbox 562 3381 630 3443; x_wconf 91' lang='lat' dir='ltr'><strong>tam</strong></span> <span class='ocrx_word' id='word_1_259' title='bbox 663 3378 853 3444; x_wconf 87' lang='lat' dir='ltr'><strong>detestabile</strong></span> <span class='ocrx_word' id='word_1_260' title='bbox 885 3383 1015 3461; x_wconf 88' lang='lat' dir='ltr'><strong>tamque</strong></span> <span class='ocrx_word' id='word_1_261' title='bbox 1043 3375 1231 3461; x_wconf 87' lang='lat' dir='ltr'><strong>pestiferum</strong></span> 
     </span>
    </p>

    <p class='ocr_par' dir='ltr' id='par_1_11' title="bbox 193 3465 1246 3727">
     <span class='ocr_line' id='line_1_35' title="bbox 193 3465 1231 3552; baseline -0.003 -20"><span class='ocrx_word' id='word_1_262' title='bbox 193 3483 218 3524; x_wconf 64' lang='grc' dir='ltr'>ῦὸ</span> <span class='ocrx_word' id='word_1_263' title='bbox 233 3490 329 3552; x_wconf 92' lang='lat' dir='ltr'><strong>quam</strong></span> <span class='ocrx_word' id='word_1_264' title='bbox 348 3468 558 3552; x_wconf 87' lang='lat' dir='ltr'><strong>voluptatem,</strong></span> <span class='ocrx_word' id='word_1_265' title='bbox 577 3465 733 3548; x_wconf 90' lang='lat' dir='ltr'><strong>siquidem</strong></span> <span class='ocrx_word' id='word_1_266' title='bbox 753 3488 799 3543; x_wconf 91' lang='lat' dir='ltr'><strong>ea,</strong></span> <span class='ocrx_word' id='word_1_267' title='bbox 818 3487 889 3530; x_wconf 90' lang='lat' dir='ltr'><strong>cum</strong></span> <span class='ocrx_word' id='word_1_268' title='bbox 908 3466 1012 3530; x_wconf 90' lang='lat' dir='ltr'><strong>maior</strong></span> <span class='ocrx_word' id='word_1_269' title='bbox 1031 3468 1115 3528; x_wconf 88' lang='lat' dir='ltr'><strong>esset</strong></span> <span class='ocrx_word' id='word_1_270' title='bbox 1134 3468 1231 3547; x_wconf 87' lang='lat' dir='ltr'><strong>atque</strong></span> 
     </span>
     <span class='ocr_line' id='line_1_36' title="bbox 232 3550 1230 3641; baseline -0.002 -21"><span class='ocrx_word' id='word_1_271' title='bbox 232 3555 448 3641; x_wconf 88' lang='lat' dir='ltr'><strong>longinquior,</strong></span> <span class='ocrx_word' id='word_1_272' title='bbox 467 3576 561 3619; x_wconf 93' lang='lat' dir='ltr'><strong>omne</strong></span> <span class='ocrx_word' id='word_1_273' title='bbox 575 3552 674 3619; x_wconf 90' lang='lat' dir='ltr'><strong>animi</strong></span> <span class='ocrx_word' id='word_1_274' title='bbox 688 3554 796 3618; x_wconf 91' lang='lat' dir='ltr'><strong>lumen</strong></span> <span class='ocrx_word' id='word_1_275' title='bbox 811 3553 1020 3637; x_wconf 85' lang='lat' dir='ltr'><strong>extingueret.</strong></span> <span class='ocrx_word' id='word_1_276' title='bbox 1051 3550 1140 3616; x_wconf 89' lang='lat' dir='ltr'><strong>Haec</strong></span> <span class='ocrx_word' id='word_1_277' title='bbox 1158 3574 1230 3618; x_wconf 90' lang='lat' dir='ltr'><strong>cum</strong></span> 
     </span>
     <span class='ocr_line' id='line_1_37' title="bbox 231 3638 1246 3727; baseline -0.013 -18"><span class='ocrx_word' id='word_1_278' title='bbox 231 3642 267 3709; x_wconf 81' lang='lat' dir='ltr'><strong>(l.</strong></span> <span class='ocrx_word' id='word_1_279' title='bbox 285 3643 402 3709; x_wconf 88' lang='lat' dir='ltr'><strong>Pontio</strong></span> <span class='ocrx_word' id='word_1_280' title='bbox 421 3640 574 3726; x_wconf 83' lang='lat' dir='ltr'><strong>Samnite,</strong></span> <span class='ocrx_word' id='word_1_281' title='bbox 596 3644 689 3727; x_wconf 91' lang='lat' dir='ltr'><strong>patre</strong></span> <span class='ocrx_word' id='word_1_282' title='bbox 712 3641 790 3725; x_wconf 90' lang='lat' dir='ltr'><strong>eius,</strong></span> <span class='ocrx_word' id='word_1_283' title='bbox 812 3662 833 3705; x_wconf 87' lang='lat' dir='ltr'><strong>a</strong></span> <span class='ocrx_word' id='word_1_284' title='bbox 854 3661 917 3725; x_wconf 88' lang='lat' dir='ltr'><strong>quo</strong></span> <span class='ocrx_word' id='word_1_285' title='bbox 941 3638 1090 3703; x_wconf 78' lang='lat' dir='ltr'><strong>Caudino</strong></span> <span class='ocrx_word' id='word_1_286' title='bbox 1108 3642 1246 3717; x_wconf 45' lang='lat' dir='ltr'><strong>proebe</strong></span> 
     </span>
    </p>

    <p class='ocr_par' dir='ltr' id='par_1_12' title="bbox 286 3742 1106 3796">
     <span class='ocr_line' id='line_1_38' title="bbox 286 3742 1106 3796; baseline -0.012 -1"><span class='ocrx_word' id='word_1_287' title='bbox 286 3754 340 3795; x_wconf 86' lang='lat' dir='ltr'><strong>ero.</strong></span> <span class='ocrx_word' id='word_1_288' title='bbox 354 3756 389 3796; x_wconf 80' lang='lat' dir='ltr'><strong>rr</strong></span> <span class='ocrx_word' id='word_1_289' title='bbox 408 3755 426 3795; x_wconf 81' lang='lat' dir='ltr'><strong>a</strong></span> <span class='ocrx_word' id='word_1_290' title='bbox 1065 3742 1106 3786; x_wconf 71' lang='lat' dir='ltr'><strong>xo</strong></span> 
     </span>
    </p>
   </div>
   <div class='ocr_carea' id='block_1_4' title="bbox 0 0 1486 4150">
    <p class='ocr_par' dir='ltr' id='par_1_13' title="bbox 0 0 1486 4150">
     <span class='ocr_line' id='line_1_39' title="bbox 0 0 1486 4150; baseline 0 0"><span class='ocrx_word' id='word_1_291' title='bbox 0 0 1486 4150; x_wconf 95' lang='lat' dir='ltr'><strong> </strong></span> 
     </span>
    </p>
   </div>
  </div>
 </body>
</html>
