2950 4150
242 317 305 382 180
540 315 692 370 LAELIUS
711 315 760 369 DE
778 315 944 371 AMICITIA

240 480 360 545 nodum
380 477 541 543 amicitiae
559 479 684 543 tollere.
720 476 796 542 Non
816 479 901 542 enim
918 482 988 543 tam
1006 478 1133 542 utilitas
1153 484 1249 563 parta

240 590 298 654 per
322 567 461 632 amioum
485 588 582 651 quam
605 566 700 632 amici
723 588 815 631 amor
837 567 907 651 ipse
935 567 1088 650 delectat,
1115 571 1249 651 tumque

240 657 323 721 illud
344 655 396 740 fit,
419 654 504 739 quod
527 656 568 719 ab
592 655 696 720 amico
720 659 771 719 est
793 655 989 740 profectum,
1011 654 1198 739 ineundum,
1221 657 1249 720 si

241 768 314 811 cum
337 744 444 809 studio
468 747 518 808 est
540 743 735 828 profectum3
763 747 956 826 tantumque
980 744 1086 828 abest,
1109 748 1147 808 ut
1170 744 1249 809 ami·

242 833 337 898 eitiae
360 836 494 918 propter
516 831 729 917 indigentiam
753 832 914 916 colantur,
937 835 974 896 ut
997 832 1029 915 ii,
1053 832 1109 915 qui
1132 832 1248 918 opibus
1276 849 1289 890 ὅ

242 928 275 987 et
306 921 408 1006 copiis
440 920 642 1003 maximeque
674 920 809 1003 virtute,
840 920 874 984 in
904 942 968 1004 qua
994 920 1170 1005 plurimum
1199 925 1250 986 est

241 1009 403 1096 praesidii,
426 1009 557 1073 minime
581 1009 715 1073 alterius
738 1008 916 1094 indigeant,
939 1009 1160 1073 liberalissimi
1183 1010 1251 1074 sint

242 1103 275 1163 et
293 1096 583 1163 beneficentissimi.
620 1098 728 1180 Atque
751 1097 832 1161 baut
855 1096 955 1162 sciam
975 1118 1018 1162 an
1034 1118 1075 1161 ne
1100 1119 1182 1182 opus
1207 1099 1251 1162 sit

241 1186 372 1270 quidem
402 1185 484 1250 nihil
516 1207 669 1269 umquam
702 1185 833 1251 omnino
865 1185 975 1251 deesse
1009 1185 1129 1250 amicis.
1183 1184 1250 1251 Ubi

242 1275 328 1340 enim
351 1273 459 1338 studia
480 1277 594 1338 nostra
620 1273 815 1359 viguissent,
846 1274 874 1338 si
900 1295 1077 1357 numquam
1104 1274 1250 1359 oonsilio,
1266 1293 1290 1332 ιο

241 1385 418 1447 numquam
447 1384 545 1447 opera
571 1366 686 1426 nostra
707 1384 767 1428 nec
791 1361 876 1427 domi
899 1384 959 1428 neo
982 1362 1118 1427 militiae
1142 1359 1250 1447 Scipio

243 1452 407 1538 eguisset?
446 1449 521 1515 Non
544 1450 646 1536 igitur
668 1450 846 1515 utilitatem
870 1451 1021 1535 amicitis,
1045 1451 1101 1516 sed
1124 1452 1250 1516 utilitas

243 1539 420 1604 amicitiam
443 1542 556 1603 secuta
579 1541 637 1602 est

191 1607 269 1733 ἐξ
307 1627 383 1693 Νοιι
397 1648 474 1713 ergo
490 1629 584 1690 erunt
597 1626 745 1691 homines
760 1625 882 1691 deliciis
898 1625 1080 1692 diffluentes
1093 1628 1251 1712 audiendi,

244 1716 271 1780 si
295 1715 445 1867 qnandot
446 1715 484 1779 de
508 1714 618 1779 amicit
619 1714 660 1799 ia,
683 1735 780 1797 quam
803 1735 861 1780 nec
884 1736 945 1778 usn
966 1737 1025 1780 nec
1046 1717 1172 1781 ratione
1194 1716 1250 1782 ha-
1265 1733 1290 1773 1⁶

243 1805 321 1869 bent
307 1803 445 1890 tocgnit
447 1826 508 1883 am,
527 1802 747 1904 disputabunt.
778 1801 864 1868 Nam
865 1803 951 1956 tquis
966 1808 1025 1889 est,
1042 1826 1102 1888 pro
1118 1805 1250 1871 deorum

242 1893 339 1958 fidem
355 1897 451 1976 atque
465 1855 646 1957 bdminum!
667 1891 880 1975 qu1velit,tu
894 1914 996 1976 neque
1012 1892 1128 1979 diligat
1143 1915 1249 1976 quem-

244 2003 341 2064 quam
359 2002 417 2045 nec
436 1980 505 2063 ipse
524 1981 565 2044 ab
585 1980 653 2044 ullo
673 1980 838 2065 diligatur,
860 1980 1079 2045 circumfluere
1101 1982 1250 2046 omnibus

243 2069 344 2154 copiis
359 2073 456 2152 atque
470 2068 504 2132 in
519 2068 661 2133 omnium
675 2091 784 2134 rerum
799 2069 997 2134 abundantia
1008 2069 1138 2136 vivere?
1161 2068 1251 2136 Haec

243 2158 329 2223 enim
348 2162 398 2222 est
416 2161 628 2241 tyrannorum
648 2157 715 2221 vita
733 2158 894 2242 nimirum,
913 2158 947 2221 in
971 2180 1035 2242 qua
1052 2159 1144 2223 nulla
1162 2159 1251 2243 fides,
1264 2178 1291 2216 ιο

242 2246 334 2312 nulla
357 2246 438 2311 carit
424 2250 490 2329 tas,
517 2246 608 2311 nulla
637 2246 765 2310 stabilis
789 2246 1106 2312 benivolentiaet
1048 2269 1090 2331 po
1092 2250 1158 2311 test
1181 2270 1250 2312 esse
1315 2309 1317 2314 .

243 2336 370 2420 fiducia,
393 2333 501 2400 omnia
525 2356 650 2419 semper
674 2339 824 2436 suspecta
847 2340 944 2419 atque
967 2334 1118 2417 sollicita,
1139 2336 1249 2402 nullus

192 2439 224 2490 ee
243 2426 333 2490 locus
362 2423 531 2489 amicitiae.
582 2421 661 2499 Quis
689 2423 773 2487 enim
802 2427 859 2488 aut
888 2445 961 2487 eum
993 2422 1122 2510 diligat,
1155 2446 1249 2509 quem

243 2518 380 2597 metuat,
409 2516 465 2577 ant
493 2533 579 2595 eum,
607 2534 626 2574 a
654 2533 717 2595 quo
746 2533 780 2575 se
807 2511 908 2576 metui
931 2512 1046 2596 putet?
1092 2509 1251 2578 Coluntur

243 2605 354 2666 tamen
372 2562 582 2664 simulatione
601 2598 771 2663 dumtaxat
789 2599 830 2664 ad
847 2602 984 2684 tempus.
1017 2598 1138 2675 Quodsi
1155 2600 1250 2686 forte,
1264 2619 1290 2659 ιι

243 2693 280 2753 ut
302 2689 340 2752 fi
326 2690 565 2773 tplerumque,
592 2687 790 2773 ceciderunt,
818 2692 888 2752 turn
911 2688 1129 2773 intellegitur,
1153 2712 1250 2774 quam

243 2776 364 2842 fuerint
393 2777 505 2861 inopes
538 2774 723 2841 amicorum.
770 2774 863 2851 Quod
889 2775 1100 2861 Tarquinium
1132 2778 1251 2843 dixisse

243 2865 352 2930 fenmt
375 2866 569 2949 exulantem,
591 2869 662 2929 tum
686 2886 720 2929 se
742 2864 951 2949 intellexisse,
974 2886 1055 2949 quos
1073 2865 1154 2931 fidos
1174 2868 1251 2932 ami-

244 2975 299 3021 eos
321 2953 499 3037 habuisset,
522 2974 602 3037 quos
625 2952 755 3037 infidos,
778 2976 850 3019 cum
873 2953 937 3017 iam
960 2954 1084 3018 neutris
1108 2956 1250 3039 gratiam

193 3058 225 3108 ee
243 3042 363 3107 referre
395 3045 514 3141 posset.
564 3040 767 3124 Quamquam
799 3042 912 3119 miror,
944 3041 1003 3106 illa
1035 3043 1186 3127 superbia
1218 3047 1250 3106 et
1264 3059 1290 3099 ιο

243 3129 524 3216 inportunitate
498 3151 527 3193 si
546 3151 740 3213 quemquam
754 3130 893 3195 amicum
904 3091 1026 3194 lietbere
1045 3135 1103 3231 pot
1089 3130 1161 3194 tuit
1193 3129 1251 3193 At·

246 3241 306 3303 que
330 3223 366 3285 ut
389 3218 498 3296 buius,
521 3240 616 3302 quem
640 3218 721 3302 dixi,
744 3240 851 3283 mores
874 3239 968 3282 veros
992 3218 1112 3282 amicos
1135 3239 1251 3302 parere

244 3330 311 3372 non
333 3309 522 3458 potuerunt,
545 3306 591 3372 sio
614 3307 697 3371 mult
683 3268 792 3372 tdrnm
816 3327 893 3391 opes
916 3305 1177 3406 praepotentium
1202 3327 1251 3370 ex·

245 3396 379 3460 cludunt
402 3395 496 3460 amici
498 3394 562 3459 tias
584 3394 704 3459 fideles.
745 3394 821 3460 Non
844 3393 929 3458 enim
953 3394 1091 3458 solum
1082 3415 1154 3477 1psa
1176 3394 1251 3460 For-

245 3488 324 3548 tuna
345 3506 439 3548 oaeca
457 3487 516 3566 est,
539 3482 594 3547 sed
613 3504 668 3548 eos
687 3483 787 3548 etiam
805 3484 995 3568 plerumque
1014 3480 1114 3546 efficit
1132 3504 1252 3568 caecos,
1267 3502 1291 3542 ιι

246 3592 326 3652 quos
353 3573 509 3655 conplexa
537 3575 601 3655 est3
627 3571 737 3655 itaque
765 3572 942 3637 efferuntur
970 3569 1037 3634 fere
1064 3569 1252 3644 fastidiosi

226 3658 452 3740 contumacia,
490 3680 552 3725 nee
589 3659 762 3746 quicquam
793 3658 966 3742 insipiente
1002 3658 1171 3725 fortunato
1207 3662 1252 3726 in-
