<?xml version="1.0" encoding="UTF-8"?>
<!DOCTYPE html PUBLIC "-//W3C//DTD XHTML 1.0 Transitional//EN"
    "http://www.w3.org/TR/xhtml1/DTD/xhtml1-transitional.dtd">
<html xmlns="http://www.w3.org/1999/xhtml" xml:lang="en" lang="en">
 <head>
  <title>
</title>
<meta http-equiv="Content-Type" content="text/html;charset=utf-8" />
  <meta name='ocr-system' content='tesseract 3.04.00' />
  <meta name='ocr-capabilities' content='ocr_page ocr_carea ocr_par ocr_line ocrx_word'/>
</head>
<body>
  <div class='ocr_page' id='page_1' title='image "./mtulliiciceroni01mlgoog_0076.png"; bbox 0 0 2950 4150; ppageno 0'>
   <div class='ocr_carea' id='block_1_1' title="bbox 261 305 868 372">
    <p class='ocr_par' dir='ltr' id='par_1_1' title="bbox 261 305 868 372">
     <span class='ocr_line' id='line_1_1' title="bbox 261 305 868 372; baseline 0 -13"><span class='ocrx_word' id='word_1_1' title='bbox 261 307 326 372; x_wconf 82' lang='lat'><strong>200</strong></span> <span class='ocrx_word' id='word_1_2' title='bbox 669 305 868 361; x_wconf 81' lang='lat' dir='ltr'>PARADOXA</span> 
     </span>
    </p>
   </div>
   <div class='ocr_carea' id='block_1_2' title="bbox 181 449 1311 3738">
    <p class='ocr_par' dir='ltr' id='par_1_2' title="bbox 210 449 1310 1172">
     <span class='ocr_line' id='line_1_2' title="bbox 210 449 1270 575; baseline -0.003 -39.969"><span class='ocrx_word' id='word_1_3' title='bbox 210 449 376 575; x_wconf 50' lang='lat' dir='ltr'><strong>{opinor</strong></span> <span class='ocrx_word' id='word_1_4' title='bbox 408 470 537 535; x_wconf 91' lang='lat' dir='ltr'><strong>bonum.</strong></span> <span class='ocrx_word' id='word_1_5' title='bbox 590 466 653 533; x_wconf 82' lang='lat' dir='ltr'><strong>Sed</strong></span> <span class='ocrx_word' id='word_1_6' title='bbox 684 468 764 534; x_wconf 82' lang='lat' dir='ltr'><strong>haec</strong></span> <span class='ocrx_word' id='word_1_7' title='bbox 795 469 898 533; x_wconf 85' lang='lat' dir='ltr'><strong>rideri</strong></span> <span class='ocrx_word' id='word_1_8' title='bbox 929 479 1067 569; x_wconf 83' lang='lat' dir='ltr'>possunt</span> <span class='ocrx_word' id='word_1_9' title='bbox 1099 469 1270 552; x_wconf 79' lang='lat' dir='ltr'><strong>odiosiora,</strong></span> 
     </span>
     <span class='ocr_line' id='line_1_3' title="bbox 261 557 1270 642; baseline -0.002 -19"><span class='ocrx_word' id='word_1_10' title='bbox 261 580 334 624; x_wconf 91' lang='lat' dir='ltr'><strong>eum</strong></span> <span class='ocrx_word' id='word_1_11' title='bbox 357 558 476 622; x_wconf 87' lang='lat' dir='ltr'><strong>lentius</strong></span> <span class='ocrx_word' id='word_1_12' title='bbox 500 558 652 642; x_wconf 86' lang='lat' dir='ltr'><strong>disputan</strong></span> <span class='ocrx_word' id='word_1_13' title='bbox 654 561 721 640; x_wconf 84' lang='lat' dir='ltr'><strong>tur3</strong></span> <span class='ocrx_word' id='word_1_14' title='bbox 748 558 817 620; x_wconf 85' lang='lat' dir='ltr'><strong>vita</strong></span> <span class='ocrx_word' id='word_1_15' title='bbox 844 562 942 640; x_wconf 87' lang='lat' dir='ltr'><strong>atque</strong></span> <span class='ocrx_word' id='word_1_16' title='bbox 969 557 1047 622; x_wconf 86' lang='lat' dir='ltr'><strong>fact</strong></span> <span class='ocrx_word' id='word_1_17' title='bbox 1022 563 1066 621; x_wconf 88' lang='lat' dir='ltr'><strong>trs</strong></span> <span class='ocrx_word' id='word_1_18' title='bbox 1094 558 1270 622; x_wconf 87' lang='lat' dir='ltr'><strong>inlustrata</strong></span> 
     </span>
     <span class='ocr_line' id='line_1_4' title="bbox 262 645 1271 730; baseline 0.001 -20"><span class='ocrx_word' id='word_1_19' title='bbox 262 651 339 710; x_wconf 88' lang='lat' dir='ltr'><strong>sunt</strong></span> <span class='ocrx_word' id='word_1_20' title='bbox 362 667 560 710; x_wconf 90' lang='lat' dir='ltr'><strong>summorum</strong></span> <span class='ocrx_word' id='word_1_21' title='bbox 584 646 728 710; x_wconf 89' lang='lat' dir='ltr'><strong>virorum</strong></span> <span class='ocrx_word' id='word_1_22' title='bbox 750 645 842 726; x_wconf 89' lang='lat' dir='ltr'><strong>haec,</strong></span> <span class='ocrx_word' id='word_1_23' title='bbox 871 667 952 728; x_wconf 88' lang='lat' dir='ltr'><strong>quae</strong></span> <span class='ocrx_word' id='word_1_24' title='bbox 976 646 1083 710; x_wconf 89' lang='lat' dir='ltr'><strong>verbis</strong></span> <span class='ocrx_word' id='word_1_25' title='bbox 1108 647 1271 730; x_wconf 86' lang='lat' dir='ltr'><strong>subtilius,</strong></span> 
     </span>
     <span class='ocr_line' id='line_1_5' title="bbox 263 696 1271 818; baseline 0.002 -20"><span class='ocrx_word' id='word_1_26' title='bbox 263 756 360 818; x_wconf 92' lang='lat' dir='ltr'><strong>quam</strong></span> <span class='ocrx_word' id='word_1_27' title='bbox 388 738 439 798; x_wconf 88' lang='lat' dir='ltr'><strong>sat</strong></span> <span class='ocrx_word' id='word_1_28' title='bbox 440 735 468 798; x_wconf 91' lang='lat' dir='ltr'><strong>is</strong></span> <span class='ocrx_word' id='word_1_29' title='bbox 497 737 560 818; x_wconf 87' lang='lat' dir='ltr'><strong>est,</strong></span> <span class='ocrx_word' id='word_1_30' title='bbox 592 734 702 818; x_wconf 91' lang='lat' dir='ltr'><strong>disput</strong></span> <span class='ocrx_word' id='word_1_31' title='bbox 704 734 752 798; x_wconf 90' lang='lat' dir='ltr'><strong>ari</strong></span> <span class='ocrx_word' id='word_1_32' title='bbox 779 696 936 798; x_wconf 67' lang='lat' dir='ltr'><strong>videntur.</strong></span> <span class='ocrx_word' id='word_1_33' title='bbox 982 732 1108 808; x_wconf 78' lang='lat' dir='ltr'><strong>Quaero</strong></span> <span class='ocrx_word' id='word_1_34' title='bbox 1136 736 1223 799; x_wconf 91' lang='lat' dir='ltr'><strong>enim</strong></span> <span class='ocrx_word' id='word_1_35' title='bbox 1250 758 1271 800; x_wconf 83' lang='lat' dir='ltr'><strong>a</strong></span> 
     </span>
     <span class='ocr_line' id='line_1_6' title="bbox 262 822 1310 908; baseline -0.004 -22"><span class='ocrx_word' id='word_1_36' title='bbox 262 823 365 906; x_wconf 81' lang='lat' dir='ltr'><strong>vobis,</strong></span> <span class='ocrx_word' id='word_1_37' title='bbox 388 844 467 887; x_wconf 90' lang='lat' dir='ltr'><strong>num</strong></span> <span class='ocrx_word' id='word_1_38' title='bbox 489 823 592 886; x_wconf 90' lang='lat' dir='ltr'><strong>ullam</strong></span> <span class='ocrx_word' id='word_1_39' title='bbox 615 823 848 908; x_wconf 77' lang='lat' dir='ltr'><strong>cogitationem</strong></span> <span class='ocrx_word' id='word_1_40' title='bbox 869 822 1022 886; x_wconf 85' lang='lat' dir='ltr'><strong>habuisse</strong></span> <span class='ocrx_word' id='word_1_41' title='bbox 1044 823 1214 886; x_wconf 83' lang='lat' dir='ltr'><strong>videantur</strong></span> <span class='ocrx_word' id='word_1_42' title='bbox 1238 824 1270 906; x_wconf 91' lang='lat' dir='ltr'><strong>ii,</strong></span> <span class='ocrx_word' id='word_1_43' title='bbox 1297 841 1310 882; x_wconf 77' lang='lat' dir='ltr'><strong>a</strong></span> 
     </span>
     <span class='ocr_line' id='line_1_7' title="bbox 263 910 1269 995; baseline -0.001 -20"><span class='ocrx_word' id='word_1_44' title='bbox 263 911 318 995; x_wconf 92' lang='lat' dir='ltr'><strong>qui</strong></span> <span class='ocrx_word' id='word_1_45' title='bbox 341 911 424 976; x_wconf 90' lang='lat' dir='ltr'><strong>hane</strong></span> <span class='ocrx_word' id='word_1_46' title='bbox 447 911 698 995; x_wconf 89' lang='lat' dir='ltr'><strong>rempublicam</strong></span> <span class='ocrx_word' id='word_1_47' title='bbox 717 915 786 975; x_wconf 90' lang='lat' dir='ltr'><strong>tam</strong></span> <span class='ocrx_word' id='word_1_48' title='bbox 805 911 969 994; x_wconf 88' lang='lat' dir='ltr'><strong>praeclare</strong></span> <span class='ocrx_word' id='word_1_49' title='bbox 987 910 1157 975; x_wconf 74' lang='lat' dir='ltr'><strong>fundatam</strong></span> <span class='ocrx_word' id='word_1_50' title='bbox 1175 912 1269 976; x_wconf 93' lang='lat' dir='ltr'><strong>nobis</strong></span> 
     </span>
     <span class='ocr_line' id='line_1_8' title="bbox 262 999 1270 1084; baseline 0.001 -21"><span class='ocrx_word' id='word_1_51' title='bbox 262 1000 470 1083; x_wconf 89' lang='lat' dir='ltr'><strong>reliquerunt,</strong></span> <span class='ocrx_word' id='word_1_52' title='bbox 490 1002 546 1064; x_wconf 89' lang='lat' dir='ltr'><strong>aut</strong></span> <span class='ocrx_word' id='word_1_53' title='bbox 565 1000 692 1084; x_wconf 78' lang='lat' dir='ltr'><strong>argenti</strong></span> <span class='ocrx_word' id='word_1_54' title='bbox 712 999 753 1063; x_wconf 93' lang='lat' dir='ltr'><strong>ad</strong></span> <span class='ocrx_word' id='word_1_55' title='bbox 772 999 943 1063; x_wconf 89' lang='lat' dir='ltr'><strong>avaritiam</strong></span> <span class='ocrx_word' id='word_1_56' title='bbox 962 1002 1019 1063; x_wconf 90' lang='lat' dir='ltr'><strong>aut</strong></span> <span class='ocrx_word' id='word_1_57' title='bbox 1037 1000 1270 1064; x_wconf 82' lang='lat' dir='ltr'><strong>amoenitatum</strong></span> 
     </span>
     <span class='ocr_line' id='line_1_9' title="bbox 263 1087 1270 1172; baseline 0 -21"><span class='ocrx_word' id='word_1_58' title='bbox 263 1088 303 1152; x_wconf 88' lang='lat' dir='ltr'><strong>ad</strong></span> <span class='ocrx_word' id='word_1_59' title='bbox 326 1088 574 1153; x_wconf 85' lang='lat' dir='ltr'><strong>delectationem</strong></span> <span class='ocrx_word' id='word_1_60' title='bbox 598 1092 655 1151; x_wconf 88' lang='lat' dir='ltr'><strong>aut</strong></span> <span class='ocrx_word' id='word_1_61' title='bbox 678 1087 890 1171; x_wconf 88' lang='lat' dir='ltr'><strong>supellectilis</strong></span> <span class='ocrx_word' id='word_1_62' title='bbox 910 1087 950 1151; x_wconf 88' lang='lat' dir='ltr'><strong>ad</strong></span> <span class='ocrx_word' id='word_1_63' title='bbox 970 1087 1100 1152; x_wconf 80' lang='lat' dir='ltr'><strong>delicias</strong></span> <span class='ocrx_word' id='word_1_64' title='bbox 1120 1092 1177 1152; x_wconf 89' lang='lat' dir='ltr'><strong>aut</strong></span> <span class='ocrx_word' id='word_1_65' title='bbox 1196 1110 1270 1172; x_wconf 90' lang='lat' dir='ltr'><strong>epu-</strong></span> 
     </span>
    </p>

    <p class='ocr_par' dir='ltr' id='par_1_3' title="bbox 211 1175 1310 1967">
     <span class='ocr_line' id='line_1_10' title="bbox 211 1175 1270 1261; baseline -0.002 -19"><span class='ocrx_word' id='word_1_66' title='bbox 211 1195 241 1242; x_wconf 89' lang='lat'><strong>11</strong></span> <span class='ocrx_word' id='word_1_67' title='bbox 253 1177 369 1240; x_wconf 54' lang='lat' dir='ltr'><strong>&gt;larum</strong></span> <span class='ocrx_word' id='word_1_68' title='bbox 392 1176 433 1240; x_wconf 88' lang='lat' dir='ltr'><strong>ad</strong></span> <span class='ocrx_word' id='word_1_69' title='bbox 455 1177 650 1261; x_wconf 85' lang='lat' dir='ltr'><strong>voluptates.</strong></span> <span class='ocrx_word' id='word_1_70' title='bbox 685 1175 802 1240; x_wconf 90' lang='lat' dir='ltr'><strong>Ponite</strong></span> <span class='ocrx_word' id='word_1_71' title='bbox 823 1180 898 1239; x_wconf 86' lang='lat' dir='ltr'><strong>ante</strong></span> <span class='ocrx_word' id='word_1_72' title='bbox 917 1177 1026 1240; x_wconf 89' lang='lat' dir='ltr'><strong>oculos</strong></span> <span class='ocrx_word' id='word_1_73' title='bbox 1044 1199 1143 1240; x_wconf 91' lang='lat' dir='ltr'><strong>unum</strong></span> <span class='ocrx_word' id='word_1_74' title='bbox 1163 1197 1270 1259; x_wconf 91' lang='lat' dir='ltr'><strong>quem-</strong></span> 
     </span>
     <span class='ocr_line' id='line_1_11' title="bbox 263 1264 1310 1349; baseline 0 -21"><span class='ocrx_word' id='word_1_75' title='bbox 263 1286 324 1349; x_wconf 88' lang='lat' dir='ltr'><strong>que</strong></span> <span class='ocrx_word' id='word_1_76' title='bbox 347 1268 502 1328; x_wconf 90' lang='lat' dir='ltr'><strong>veterum.</strong></span> <span class='ocrx_word' id='word_1_77' title='bbox 547 1264 656 1329; x_wconf 90' lang='lat' dir='ltr'><strong>Voltis</strong></span> <span class='ocrx_word' id='word_1_78' title='bbox 681 1287 700 1328; x_wconf 89' lang='lat' dir='ltr'><strong>a</strong></span> <span class='ocrx_word' id='word_1_79' title='bbox 722 1264 887 1329; x_wconf 82' lang='lat' dir='ltr'><strong>Romulo?</strong></span> <span class='ocrx_word' id='word_1_80' title='bbox 910 1264 1009 1328; x_wconf 87' lang='lat' dir='ltr'><strong>voltis</strong></span> <span class='ocrx_word' id='word_1_81' title='bbox 1032 1270 1108 1349; x_wconf 91' lang='lat' dir='ltr'><strong>post</strong></span> <span class='ocrx_word' id='word_1_82' title='bbox 1132 1264 1269 1329; x_wconf 86' lang='lat' dir='ltr'><strong>liberam</strong></span> <span class='ocrx_word' id='word_1_83' title='bbox 1285 1286 1310 1323; x_wconf 83' lang='grc' dir='ltr'><strong>ιι</strong></span> 
     </span>
     <span class='ocr_line' id='line_1_12' title="bbox 262 1351 1269 1437; baseline 0 -20"><span class='ocrx_word' id='word_1_84' title='bbox 262 1352 427 1417; x_wconf 83' lang='lat' dir='ltr'><strong>civitatem</strong></span> <span class='ocrx_word' id='word_1_85' title='bbox 451 1354 492 1417; x_wconf 88' lang='lat' dir='ltr'><strong>ab</strong></span> <span class='ocrx_word' id='word_1_86' title='bbox 516 1353 556 1417; x_wconf 86' lang='lat' dir='ltr'><strong>iis</strong></span> <span class='ocrx_word' id='word_1_87' title='bbox 579 1354 669 1437; x_wconf 88' lang='lat' dir='ltr'><strong>ipsis,</strong></span> <span class='ocrx_word' id='word_1_88' title='bbox 692 1353 748 1437; x_wconf 94' lang='lat' dir='ltr'><strong>qui</strong></span> <span class='ocrx_word' id='word_1_89' title='bbox 771 1353 1013 1417; x_wconf 82' lang='lat' dir='ltr'><strong>liberaverunt?</strong></span> <span class='ocrx_word' id='word_1_90' title='bbox 1046 1351 1177 1428; x_wconf 78' lang='lat' dir='ltr'><strong>Quibus</strong></span> <span class='ocrx_word' id='word_1_91' title='bbox 1200 1357 1269 1417; x_wconf 92' lang='lat' dir='ltr'><strong>tan-</strong></span> 
     </span>
     <span class='ocr_line' id='line_1_13' title="bbox 262 1441 1269 1526; baseline 0 -22"><span class='ocrx_word' id='word_1_92' title='bbox 262 1441 334 1504; x_wconf 90' lang='lat' dir='ltr'><strong>dem</strong></span> <span class='ocrx_word' id='word_1_93' title='bbox 367 1442 522 1526; x_wconf 84' lang='lat' dir='ltr'><strong>gradibus</strong></span> <span class='ocrx_word' id='word_1_94' title='bbox 554 1442 712 1505; x_wconf 90' lang='lat' dir='ltr'><strong>Romulus</strong></span> <span class='ocrx_word' id='word_1_95' title='bbox 746 1441 888 1506; x_wconf 90' lang='lat' dir='ltr'><strong>escendit</strong></span> <span class='ocrx_word' id='word_1_96' title='bbox 923 1441 958 1505; x_wconf 90' lang='lat' dir='ltr'><strong>in</strong></span> <span class='ocrx_word' id='word_1_97' title='bbox 994 1442 1142 1506; x_wconf 82' lang='lat' dir='ltr'><strong>caelum?</strong></span> <span class='ocrx_word' id='word_1_98' title='bbox 1178 1441 1269 1524; x_wconf 87' lang='lat' dir='ltr'><strong>iisne,</strong></span> 
     </span>
     <span class='ocr_line' id='line_1_14' title="bbox 263 1529 1269 1614; baseline -0.001 -21"><span class='ocrx_word' id='word_1_99' title='bbox 263 1551 344 1612; x_wconf 91' lang='lat' dir='ltr'><strong>quae</strong></span> <span class='ocrx_word' id='word_1_100' title='bbox 366 1530 423 1592; x_wconf 93' lang='lat' dir='ltr'><strong>isti</strong></span> <span class='ocrx_word' id='word_1_101' title='bbox 445 1531 532 1594; x_wconf 87' lang='lat' dir='ltr'><strong>bona</strong></span> <span class='ocrx_word' id='word_1_102' title='bbox 555 1530 735 1613; x_wconf 88' lang='lat' dir='ltr'><strong>appellant,</strong></span> <span class='ocrx_word' id='word_1_103' title='bbox 764 1551 805 1592; x_wconf 92' lang='lat' dir='ltr'><strong>an</strong></span> <span class='ocrx_word' id='word_1_104' title='bbox 832 1529 928 1593; x_wconf 88' lang='lat' dir='ltr'><strong>rebus</strong></span> <span class='ocrx_word' id='word_1_105' title='bbox 957 1530 1059 1614; x_wconf 90' lang='lat' dir='ltr'><strong>gestis</strong></span> <span class='ocrx_word' id='word_1_106' title='bbox 1087 1534 1185 1613; x_wconf 91' lang='lat' dir='ltr'><strong>atque</strong></span> <span class='ocrx_word' id='word_1_107' title='bbox 1207 1529 1269 1593; x_wconf 88' lang='lat' dir='ltr'><strong>vir·</strong></span> 
     </span>
     <span class='ocr_line' id='line_1_15' title="bbox 262 1615 1269 1704; baseline 0 -23"><span class='ocrx_word' id='word_1_108' title='bbox 262 1618 410 1682; x_wconf 83' lang='lat' dir='ltr'><strong>tutibus?</strong></span> <span class='ocrx_word' id='word_1_109' title='bbox 456 1615 561 1692; x_wconf 81' lang='lat' dir='ltr'><strong>Quid?</strong></span> <span class='ocrx_word' id='word_1_110' title='bbox 594 1639 613 1681; x_wconf 89' lang='lat' dir='ltr'><strong>a</strong></span> <span class='ocrx_word' id='word_1_111' title='bbox 644 1615 753 1680; x_wconf 91' lang='lat' dir='ltr'><strong>Numa</strong></span> <span class='ocrx_word' id='word_1_112' title='bbox 783 1617 944 1698; x_wconf 91' lang='lat' dir='ltr'><strong>Pompilio</strong></span> <span class='ocrx_word' id='word_1_113' title='bbox 977 1619 1124 1682; x_wconf 88' lang='lat' dir='ltr'><strong>minusne</strong></span> <span class='ocrx_word' id='word_1_114' title='bbox 1156 1622 1269 1704; x_wconf 88' lang='lat' dir='ltr'><strong>gratas</strong></span> 
     </span>
     <span class='ocr_line' id='line_1_16' title="bbox 262 1705 1310 1789; baseline -0.006 -20"><span class='ocrx_word' id='word_1_115' title='bbox 262 1706 310 1770; x_wconf 90' lang='lat' dir='ltr'><strong>dis</strong></span> <span class='ocrx_word' id='word_1_116' title='bbox 338 1706 568 1770; x_wconf 88' lang='lat' dir='ltr'><strong>inmortalibus</strong></span> <span class='ocrx_word' id='word_1_117' title='bbox 596 1705 768 1789; x_wconf 86' lang='lat' dir='ltr'><strong>capudines</strong></span> <span class='ocrx_word' id='word_1_118' title='bbox 797 1726 834 1769; x_wconf 91' lang='lat' dir='ltr'><strong>ac</strong></span> <span class='ocrx_word' id='word_1_119' title='bbox 859 1705 977 1769; x_wconf 89' lang='lat' dir='ltr'><strong>fictiles</strong></span> <span class='ocrx_word' id='word_1_120' title='bbox 1004 1707 1138 1770; x_wconf 89' lang='lat' dir='ltr'><strong>urnulas</strong></span> <span class='ocrx_word' id='word_1_121' title='bbox 1169 1707 1270 1770; x_wconf 85' lang='lat' dir='ltr'><strong>fuisse</strong></span> <span class='ocrx_word' id='word_1_122' title='bbox 1285 1725 1310 1764; x_wconf 80' lang='lat' dir='ltr'><strong>u</strong></span> 
     </span>
     <span class='ocr_line' id='line_1_17' title="bbox 263 1792 1269 1878; baseline -0.001 -20"><span class='ocrx_word' id='word_1_123' title='bbox 263 1816 360 1877; x_wconf 90' lang='lat' dir='ltr'><strong>quam</strong></span> <span class='ocrx_word' id='word_1_124' title='bbox 382 1794 530 1859; x_wconf 86' lang='lat' dir='ltr'><strong>felicatas</strong></span> <span class='ocrx_word' id='word_1_125' title='bbox 554 1792 716 1858; x_wconf 83' lang='lat' dir='ltr'><strong>Saliorum</strong></span> <span class='ocrx_word' id='word_1_126' title='bbox 740 1797 871 1878; x_wconf 86' lang='lat' dir='ltr'><strong>pateras</strong></span> <span class='ocrx_word' id='word_1_127' title='bbox 890 1794 1112 1859; x_wconf 81' lang='lat' dir='ltr'><strong>arbitramur?</strong></span> <span class='ocrx_word' id='word_1_128' title='bbox 1145 1793 1269 1860; x_wconf 90' lang='lat' dir='ltr'><strong>Omitto</strong></span> 
     </span>
     <span class='ocr_line' id='line_1_18' title="bbox 261 1883 1270 1967; baseline 0 -22"><span class='ocrx_word' id='word_1_129' title='bbox 261 1883 418 1966; x_wconf 87' lang='lat' dir='ltr'><strong>reliquos;</strong></span> <span class='ocrx_word' id='word_1_130' title='bbox 455 1886 531 1946; x_wconf 88' lang='lat' dir='ltr'><strong>sunt</strong></span> <span class='ocrx_word' id='word_1_131' title='bbox 568 1883 652 1947; x_wconf 91' lang='lat' dir='ltr'><strong>enim</strong></span> <span class='ocrx_word' id='word_1_132' title='bbox 686 1904 797 1946; x_wconf 91' lang='lat' dir='ltr'><strong>omnes</strong></span> <span class='ocrx_word' id='word_1_133' title='bbox 828 1904 924 1965; x_wconf 89' lang='lat' dir='ltr'><strong>pares</strong></span> <span class='ocrx_word' id='word_1_134' title='bbox 956 1883 1041 1947; x_wconf 89' lang='lat' dir='ltr'><strong>inter</strong></span> <span class='ocrx_word' id='word_1_135' title='bbox 1073 1904 1108 1946; x_wconf 91' lang='lat' dir='ltr'><strong>se</strong></span> <span class='ocrx_word' id='word_1_136' title='bbox 1140 1886 1270 1967; x_wconf 88' lang='lat' dir='ltr'><strong>praeter</strong></span> 
     </span>
    </p>

    <p class='ocr_par' dir='ltr' id='par_1_4' title="bbox 210 1969 1311 3560">
     <span class='ocr_line' id='line_1_19' title="bbox 210 1969 1271 2056; baseline -0.001 -20"><span class='ocrx_word' id='word_1_137' title='bbox 210 1985 243 2036; x_wconf 79' lang='lat'><strong>12</strong></span> <span class='ocrx_word' id='word_1_138' title='bbox 263 1969 452 2054; x_wconf 83' lang='lat' dir='ltr'><strong>Superbum.</strong></span> <span class='ocrx_word' id='word_1_139' title='bbox 489 1970 628 2034; x_wconf 89' lang='lat' dir='ltr'><strong>Brutum</strong></span> <span class='ocrx_word' id='word_1_140' title='bbox 647 1971 675 2034; x_wconf 90' lang='lat' dir='ltr'><strong>si</strong></span> <span class='ocrx_word' id='word_1_141' title='bbox 693 1971 749 2053; x_wconf 93' lang='lat' dir='ltr'><strong>qui</strong></span> <span class='ocrx_word' id='word_1_142' title='bbox 766 1975 869 2055; x_wconf 88' lang='lat' dir='ltr'><strong>roget,</strong></span> <span class='ocrx_word' id='word_1_143' title='bbox 894 1971 970 2054; x_wconf 93' lang='lat' dir='ltr'><strong>quid</strong></span> <span class='ocrx_word' id='word_1_144' title='bbox 989 1971 1092 2056; x_wconf 88' lang='lat' dir='ltr'><strong>egerit</strong></span> <span class='ocrx_word' id='word_1_145' title='bbox 1110 1971 1144 2035; x_wconf 91' lang='lat' dir='ltr'><strong>in</strong></span> <span class='ocrx_word' id='word_1_146' title='bbox 1162 1971 1271 2055; x_wconf 91' lang='lat' dir='ltr'><strong>patria</strong></span> 
     </span>
     <span class='ocr_line' id='line_1_20' title="bbox 261 2058 1270 2143; baseline 0.001 -20"><span class='ocrx_word' id='word_1_147' title='bbox 261 2059 438 2143; x_wconf 88' lang='lat' dir='ltr'><strong>liberanda,</strong></span> <span class='ocrx_word' id='word_1_148' title='bbox 458 2059 485 2123; x_wconf 96' lang='lat' dir='ltr'><strong>si</strong></span> <span class='ocrx_word' id='word_1_149' title='bbox 504 2059 576 2143; x_wconf 87' lang='lat' dir='ltr'><strong>quis</strong></span> <span class='ocrx_word' id='word_1_150' title='bbox 595 2059 673 2123; x_wconf 91' lang='lat' dir='ltr'><strong>item</strong></span> <span class='ocrx_word' id='word_1_151' title='bbox 692 2058 835 2143; x_wconf 88' lang='lat' dir='ltr'><strong>reliquos</strong></span> <span class='ocrx_word' id='word_1_152' title='bbox 855 2058 997 2124; x_wconf 89' lang='lat' dir='ltr'><strong>eiusdem</strong></span> <span class='ocrx_word' id='word_1_153' title='bbox 1012 2059 1139 2124; x_wconf 91' lang='lat' dir='ltr'><strong>consilii</strong></span> <span class='ocrx_word' id='word_1_154' title='bbox 1156 2060 1270 2143; x_wconf 90' lang='lat' dir='ltr'><strong>socios,</strong></span> 
     </span>
     <span class='ocr_line' id='line_1_21' title="bbox 262 2148 1311 2232; baseline -0.003 -21"><span class='ocrx_word' id='word_1_155' title='bbox 262 2148 338 2232; x_wconf 91' lang='lat' dir='ltr'><strong>quid</strong></span> <span class='ocrx_word' id='word_1_156' title='bbox 362 2149 593 2232; x_wconf 85' lang='lat' dir='ltr'><strong>spectaverint,</strong></span> <span class='ocrx_word' id='word_1_157' title='bbox 617 2148 693 2231; x_wconf 89' lang='lat' dir='ltr'><strong>quid</strong></span> <span class='ocrx_word' id='word_1_158' title='bbox 717 2148 819 2212; x_wconf 86' lang='lat' dir='ltr'><strong>secuti</strong></span> <span class='ocrx_word' id='word_1_159' title='bbox 843 2149 920 2230; x_wconf 87' lang='lat' dir='ltr'><strong>sint,</strong></span> <span class='ocrx_word' id='word_1_160' title='bbox 943 2170 1021 2212; x_wconf 90' lang='lat' dir='ltr'><strong>num</strong></span> <span class='ocrx_word' id='word_1_161' title='bbox 1045 2148 1117 2231; x_wconf 92' lang='lat' dir='ltr'><strong>quis</strong></span> <span class='ocrx_word' id='word_1_162' title='bbox 1141 2149 1269 2232; x_wconf 86' lang='lat' dir='ltr'><strong>existat,</strong></span> <span class='ocrx_word' id='word_1_163' title='bbox 1283 2168 1311 2208; x_wconf 82' lang='lat' dir='ltr'><strong>ao</strong></span> 
     </span>
     <span class='ocr_line' id='line_1_22' title="bbox 261 2236 1271 2321; baseline 0 -20"><span class='ocrx_word' id='word_1_164' title='bbox 261 2237 312 2301; x_wconf 90' lang='lat' dir='ltr'><strong>eui</strong></span> <span class='ocrx_word' id='word_1_165' title='bbox 335 2238 496 2321; x_wconf 68' lang='lat' dir='ltr'><strong>voluptas</strong></span> <span class='ocrx_word' id='word_1_166' title='bbox 519 2237 571 2301; x_wconf 90' lang='lat' dir='ltr'><strong>cui</strong></span> <span class='ocrx_word' id='word_1_167' title='bbox 590 2236 731 2320; x_wconf 88' lang='lat' dir='ltr'><strong>divitiae,</strong></span> <span class='ocrx_word' id='word_1_168' title='bbox 754 2237 805 2301; x_wconf 92' lang='lat' dir='ltr'><strong>cui</strong></span> <span class='ocrx_word' id='word_1_169' title='bbox 825 2236 961 2320; x_wconf 89' lang='lat' dir='ltr'><strong>denique</strong></span> <span class='ocrx_word' id='word_1_170' title='bbox 978 2241 1109 2321; x_wconf 88' lang='lat' dir='ltr'><strong>praeter</strong></span> <span class='ocrx_word' id='word_1_171' title='bbox 1127 2236 1271 2301; x_wconf 89' lang='lat' dir='ltr'><strong>officium</strong></span> 
     </span>
     <span class='ocr_line' id='line_1_23' title="bbox 260 2324 1270 2411; baseline 0 -22"><span class='ocrx_word' id='word_1_172' title='bbox 260 2325 356 2389; x_wconf 85' lang='lat' dir='ltr'><strong>fortis</strong></span> <span class='ocrx_word' id='word_1_173' title='bbox 380 2329 413 2389; x_wconf 87' lang='lat' dir='ltr'><strong>et</strong></span> <span class='ocrx_word' id='word_1_174' title='bbox 436 2326 547 2411; x_wconf 88' lang='lat' dir='ltr'><strong>magni</strong></span> <span class='ocrx_word' id='word_1_175' title='bbox 569 2325 631 2389; x_wconf 84' lang='lat' dir='ltr'><strong>viri</strong></span> <span class='ocrx_word' id='word_1_176' title='bbox 650 2326 822 2409; x_wconf 90' lang='lat' dir='ltr'><strong>quiequam</strong></span> <span class='ocrx_word' id='word_1_177' title='bbox 842 2324 929 2388; x_wconf 90' lang='lat' dir='ltr'><strong>aliud</strong></span> <span class='ocrx_word' id='word_1_178' title='bbox 947 2325 1150 2409; x_wconf 89' lang='lat' dir='ltr'><strong>propositum</strong></span> <span class='ocrx_word' id='word_1_179' title='bbox 1169 2326 1270 2389; x_wconf 90' lang='lat' dir='ltr'><strong>fuisse</strong></span> 
     </span>
     <span class='ocr_line' id='line_1_24' title="bbox 261 2412 1269 2489; baseline 0 -11"><span class='ocrx_word' id='word_1_180' title='bbox 261 2414 431 2479; x_wconf 80' lang='lat' dir='ltr'><strong>videatur?</strong></span> <span class='ocrx_word' id='word_1_181' title='bbox 478 2412 567 2489; x_wconf 84' lang='lat' dir='ltr'><strong>Quae</strong></span> <span class='ocrx_word' id='word_1_182' title='bbox 590 2435 641 2477; x_wconf 90' lang='lat' dir='ltr'><strong>res</strong></span> <span class='ocrx_word' id='word_1_183' title='bbox 666 2414 706 2478; x_wconf 91' lang='lat' dir='ltr'><strong>ad</strong></span> <span class='ocrx_word' id='word_1_184' title='bbox 728 2435 840 2478; x_wconf 86' lang='lat' dir='ltr'><strong>necem</strong></span> <span class='ocrx_word' id='word_1_185' title='bbox 862 2412 1046 2477; x_wconf 88' lang='lat' dir='ltr'><strong>Porsennae</strong></span> <span class='ocrx_word' id='word_1_186' title='bbox 1069 2412 1103 2479; x_wconf 83' lang='lat' dir='ltr'><strong>O.</strong></span> <span class='ocrx_word' id='word_1_187' title='bbox 1126 2412 1269 2478; x_wconf 86' lang='lat' dir='ltr'><strong>Mucium</strong></span> 
     </span>
     <span class='ocr_line' id='line_1_25' title="bbox 261 2499 1269 2586; baseline 0 -20"><span class='ocrx_word' id='word_1_188' title='bbox 261 2503 380 2586; x_wconf 88' lang='lat' dir='ltr'><strong>inpulit</strong></span> <span class='ocrx_word' id='word_1_189' title='bbox 404 2503 472 2566; x_wconf 90' lang='lat' dir='ltr'><strong>sine</strong></span> <span class='ocrx_word' id='word_1_190' title='bbox 495 2503 564 2566; x_wconf 93' lang='lat' dir='ltr'><strong>ulla</strong></span> <span class='ocrx_word' id='word_1_191' title='bbox 587 2524 644 2586; x_wconf 90' lang='lat' dir='ltr'><strong>spe</strong></span> <span class='ocrx_word' id='word_1_192' title='bbox 668 2502 784 2565; x_wconf 86' lang='lat' dir='ltr'><strong>salutis</strong></span> <span class='ocrx_word' id='word_1_193' title='bbox 809 2501 908 2565; x_wconf 80' lang='lat' dir='ltr'><strong>suae?</strong></span> <span class='ocrx_word' id='word_1_194' title='bbox 933 2523 1014 2585; x_wconf 93' lang='lat' dir='ltr'><strong>quae</strong></span> <span class='ocrx_word' id='word_1_195' title='bbox 1037 2502 1087 2566; x_wconf 84' lang='lat' dir='ltr'><strong>vis</strong></span> <span class='ocrx_word' id='word_1_196' title='bbox 1111 2499 1269 2567; x_wconf 81' lang='lat' dir='ltr'><strong>Coclitem</strong></span> 
     </span>
     <span class='ocr_line' id='line_1_26' title="bbox 261 2589 1309 2675; baseline -0.005 -19"><span class='ocrx_word' id='word_1_197' title='bbox 261 2595 374 2656; x_wconf 90' lang='lat' dir='ltr'><strong>contra</strong></span> <span class='ocrx_word' id='word_1_198' title='bbox 398 2612 508 2655; x_wconf 91' lang='lat' dir='ltr'><strong>omnes</strong></span> <span class='ocrx_word' id='word_1_199' title='bbox 532 2591 676 2655; x_wconf 89' lang='lat' dir='ltr'><strong>hostium</strong></span> <span class='ocrx_word' id='word_1_200' title='bbox 700 2591 810 2674; x_wconf 87' lang='lat' dir='ltr'><strong>copias</strong></span> <span class='ocrx_word' id='word_1_201' title='bbox 833 2589 939 2653; x_wconf 92' lang='lat' dir='ltr'><strong>tenuit</strong></span> <span class='ocrx_word' id='word_1_202' title='bbox 961 2590 995 2654; x_wconf 92' lang='lat' dir='ltr'><strong>in</strong></span> <span class='ocrx_word' id='word_1_203' title='bbox 1017 2594 1116 2675; x_wconf 89' lang='lat' dir='ltr'><strong>ponte</strong></span> <span class='ocrx_word' id='word_1_204' title='bbox 1140 2592 1268 2656; x_wconf 79' lang='lat' dir='ltr'><strong>solum?</strong></span> <span class='ocrx_word' id='word_1_205' title='bbox 1283 2610 1309 2651; x_wconf 80' lang='lat' dir='ltr'><strong>ss</strong></span> 
     </span>
     <span class='ocr_line' id='line_1_27' title="bbox 262 2678 1269 2763; baseline 0.001 -21"><span class='ocrx_word' id='word_1_206' title='bbox 262 2701 343 2762; x_wconf 90' lang='lat' dir='ltr'><strong>quae</strong></span> <span class='ocrx_word' id='word_1_207' title='bbox 367 2684 493 2763; x_wconf 88' lang='lat' dir='ltr'><strong>patrem</strong></span> <span class='ocrx_word' id='word_1_208' title='bbox 512 2678 656 2762; x_wconf 83' lang='lat' dir='ltr'><strong>Decium,</strong></span> <span class='ocrx_word' id='word_1_209' title='bbox 681 2700 762 2762; x_wconf 91' lang='lat' dir='ltr'><strong>quae</strong></span> <span class='ocrx_word' id='word_1_210' title='bbox 785 2678 889 2742; x_wconf 91' lang='lat' dir='ltr'><strong>filium</strong></span> <span class='ocrx_word' id='word_1_211' title='bbox 913 2679 1031 2743; x_wconf 84' lang='lat' dir='ltr'><strong>devota</strong></span> <span class='ocrx_word' id='word_1_212' title='bbox 1053 2680 1122 2743; x_wconf 84' lang='lat' dir='ltr'><strong>vita</strong></span> <span class='ocrx_word' id='word_1_213' title='bbox 1144 2680 1269 2744; x_wconf 87' lang='lat' dir='ltr'><strong>inmisit</strong></span> 
     </span>
     <span class='ocr_line' id='line_1_28' title="bbox 261 2766 1270 2851; baseline 0.001 -20"><span class='ocrx_word' id='word_1_214' title='bbox 261 2769 295 2832; x_wconf 96' lang='lat' dir='ltr'><strong>in</strong></span> <span class='ocrx_word' id='word_1_215' title='bbox 323 2772 466 2832; x_wconf 89' lang='lat' dir='ltr'><strong>armatas</strong></span> <span class='ocrx_word' id='word_1_216' title='bbox 493 2767 638 2831; x_wconf 89' lang='lat' dir='ltr'><strong>hostium</strong></span> <span class='ocrx_word' id='word_1_217' title='bbox 667 2768 799 2851; x_wconf 77' lang='lat' dir='ltr'><strong>copias?</strong></span> <span class='ocrx_word' id='word_1_218' title='bbox 827 2767 903 2850; x_wconf 93' lang='lat' dir='ltr'><strong>quid</strong></span> <span class='ocrx_word' id='word_1_219' title='bbox 930 2768 1129 2832; x_wconf 90' lang='lat' dir='ltr'><strong>continentia</strong></span> <span class='ocrx_word' id='word_1_220' title='bbox 1153 2766 1187 2831; x_wconf 81' lang='lat' dir='ltr'><strong>O.</strong></span> <span class='ocrx_word' id='word_1_221' title='bbox 1210 2767 1270 2833; x_wconf 85' lang='lat' dir='ltr'><strong>Fa·</strong></span> 
     </span>
     <span class='ocr_line' id='line_1_29' title="bbox 261 2854 1269 2940; baseline -0.001 -18"><span class='ocrx_word' id='word_1_222' title='bbox 261 2858 355 2940; x_wconf 88' lang='lat' dir='ltr'><strong>brici,</strong></span> <span class='ocrx_word' id='word_1_223' title='bbox 380 2857 456 2939; x_wconf 90' lang='lat' dir='ltr'><strong>quid</strong></span> <span class='ocrx_word' id='word_1_224' title='bbox 475 2857 617 2920; x_wconf 89' lang='lat' dir='ltr'><strong>tenuitas</strong></span> <span class='ocrx_word' id='word_1_225' title='bbox 636 2855 741 2920; x_wconf 88' lang='lat' dir='ltr'><strong>victus</strong></span> <span class='ocrx_word' id='word_1_226' title='bbox 760 2855 810 2921; x_wconf 79' lang='grc' dir='ltr'><strong>Μ’,</strong></span> <span class='ocrx_word' id='word_1_227' title='bbox 831 2854 909 2921; x_wconf 82' lang='lat' dir='ltr'><strong>Curi</strong></span> <span class='ocrx_word' id='word_1_228' title='bbox 932 2857 1149 2939; x_wconf 82' lang='lat' dir='ltr'><strong>sequebatur?</strong></span> <span class='ocrx_word' id='word_1_229' title='bbox 1171 2857 1269 2940; x_wconf 84' lang='lat' dir='ltr'><strong>quid?</strong></span> 
     </span>
     <span class='ocr_line' id='line_1_30' title="bbox 262 2942 1270 3030; baseline 0 -20"><span class='ocrx_word' id='word_1_230' title='bbox 262 2948 324 3011; x_wconf 92' lang='lat' dir='ltr'><strong>duo</strong></span> <span class='ocrx_word' id='word_1_231' title='bbox 352 2945 597 3029; x_wconf 86' lang='lat' dir='ltr'><strong>propugnacula</strong></span> <span class='ocrx_word' id='word_1_232' title='bbox 623 2944 703 3008; x_wconf 90' lang='lat' dir='ltr'><strong>belli</strong></span> <span class='ocrx_word' id='word_1_233' title='bbox 730 2943 857 3026; x_wconf 86' lang='lat' dir='ltr'><strong>Punici,</strong></span> <span class='ocrx_word' id='word_1_234' title='bbox 888 2942 944 3009; x_wconf 76' lang='lat' dir='ltr'><strong>(ln.</strong></span> <span class='ocrx_word' id='word_1_235' title='bbox 972 2948 1005 3008; x_wconf 91' lang='lat' dir='ltr'><strong>et</strong></span> <span class='ocrx_word' id='word_1_236' title='bbox 1030 2944 1066 3008; x_wconf 93' lang='lat' dir='ltr'><strong>P.</strong></span> <span class='ocrx_word' id='word_1_237' title='bbox 1094 2943 1270 3030; x_wconf 84' lang='lat' dir='ltr'><strong>Scipiones,</strong></span> 
     </span>
     <span class='ocr_line' id='line_1_31' title="bbox 262 3032 1310 3118; baseline -0.001 -20"><span class='ocrx_word' id='word_1_238' title='bbox 262 3035 316 3118; x_wconf 91' lang='lat' dir='ltr'><strong>qui</strong></span> <span class='ocrx_word' id='word_1_239' title='bbox 336 3032 653 3118; x_wconf 83' lang='lat' dir='ltr'><strong>Carthaginiensium</strong></span> <span class='ocrx_word' id='word_1_240' title='bbox 677 3032 851 3097; x_wconf 85' lang='lat' dir='ltr'><strong>adventum</strong></span> <span class='ocrx_word' id='word_1_241' title='bbox 875 3034 1064 3117; x_wconf 91' lang='lat' dir='ltr'><strong>corporibus</strong></span> <span class='ocrx_word' id='word_1_242' title='bbox 1088 3035 1155 3098; x_wconf 89' lang='lat' dir='ltr'><strong>suis</strong></span> <span class='ocrx_word' id='word_1_243' title='bbox 1172 3034 1270 3098; x_wconf 90' lang='lat' dir='ltr'><strong>inter·</strong></span> <span class='ocrx_word' id='word_1_244' title='bbox 1283 3053 1310 3091; x_wconf 79' lang='grc' dir='ltr'><strong>ιο</strong></span> 
     </span>
     <span class='ocr_line' id='line_1_32' title="bbox 261 3119 1269 3204; baseline -0.003 -17"><span class='ocrx_word' id='word_1_245' title='bbox 261 3122 453 3187; x_wconf 90' lang='lat' dir='ltr'><strong>cludendum</strong></span> <span class='ocrx_word' id='word_1_246' title='bbox 476 3125 682 3204; x_wconf 84' lang='lat' dir='ltr'><strong>putaverunt,</strong></span> <span class='ocrx_word' id='word_1_247' title='bbox 705 3121 803 3204; x_wconf 82' lang='lat' dir='ltr'><strong>quid?</strong></span> <span class='ocrx_word' id='word_1_248' title='bbox 842 3119 1015 3186; x_wconf 85' lang='lat' dir='ltr'><strong>Africanus</strong></span> <span class='ocrx_word' id='word_1_249' title='bbox 1038 3123 1151 3204; x_wconf 88' lang='lat' dir='ltr'><strong>maior,</strong></span> <span class='ocrx_word' id='word_1_250' title='bbox 1172 3121 1269 3203; x_wconf 76' lang='lat' dir='ltr'><strong>qrrc&#39;d?</strong></span> 
     </span>
     <span class='ocr_line' id='line_1_33' title="bbox 261 3207 1269 3294; baseline -0.004 -18"><span class='ocrx_word' id='word_1_251' title='bbox 261 3214 377 3294; x_wconf 69' lang='lat' dir='ltr'><strong>utinm,</strong></span> <span class='ocrx_word' id='word_1_252' title='bbox 409 3209 505 3293; x_wconf 78' lang='lat' dir='ltr'><strong>quid?</strong></span> <span class='ocrx_word' id='word_1_253' title='bbox 538 3210 623 3273; x_wconf 90' lang='lat' dir='ltr'><strong>inter</strong></span> <span class='ocrx_word' id='word_1_254' title='bbox 654 3209 770 3273; x_wconf 93' lang='lat' dir='ltr'><strong>horum</strong></span> <span class='ocrx_word' id='word_1_255' title='bbox 804 3213 927 3273; x_wconf 89' lang='lat' dir='ltr'><strong>aetates</strong></span> <span class='ocrx_word' id='word_1_256' title='bbox 959 3210 1147 3291; x_wconf 80' lang='lat' dir='ltr'><strong>interiectus</strong></span> <span class='ocrx_word' id='word_1_257' title='bbox 1177 3207 1269 3286; x_wconf 80' lang='lat' dir='ltr'><strong>Cato,</strong></span> 
     </span>
     <span class='ocr_line' id='line_1_34' title="bbox 262 3296 1269 3384; baseline -0.002 -20"><span class='ocrx_word' id='word_1_258' title='bbox 262 3299 360 3384; x_wconf 78' lang='lat' dir='ltr'><strong>quid?</strong></span> <span class='ocrx_word' id='word_1_259' title='bbox 398 3298 649 3362; x_wconf 86' lang='lat' dir='ltr'><strong>innumerabiles</strong></span> <span class='ocrx_word' id='word_1_260' title='bbox 684 3298 741 3360; x_wconf 93' lang='lat' dir='ltr'><strong>alii</strong></span> <span class='ocrx_word' id='word_1_261' title='bbox 773 3296 863 3381; x_wconf 87' lang='lat' dir='ltr'><strong>(nam</strong></span> <span class='ocrx_word' id='word_1_262' title='bbox 896 3298 1081 3363; x_wconf 89' lang='lat' dir='ltr'><strong>domesticis</strong></span> <span class='ocrx_word' id='word_1_263' title='bbox 1114 3298 1269 3380; x_wconf 85' lang='lat' dir='ltr'><strong>exemplis</strong></span> 
     </span>
     <span class='ocr_line' id='line_1_35' title="bbox 262 3385 1269 3487; baseline -0.002 -34"><span class='ocrx_word' id='word_1_264' title='bbox 262 3385 479 3473; x_wconf 86' lang='lat' dir='ltr'><strong>abundamus)</strong></span> <span class='ocrx_word' id='word_1_265' title='bbox 512 3387 601 3487; x_wconf 83' lang='lat' dir='ltr'><strong>cogit</strong></span> <span class='ocrx_word' id='word_1_266' title='bbox 603 3406 716 3450; x_wconf 83' lang='lat' dir='ltr'><strong>essene</strong></span> <span class='ocrx_word' id='word_1_267' title='bbox 750 3386 921 3469; x_wconf 92' lang='lat' dir='ltr'><strong>quicquam</strong></span> <span class='ocrx_word' id='word_1_268' title='bbox 953 3388 988 3450; x_wconf 92' lang='lat' dir='ltr'><strong>in</strong></span> <span class='ocrx_word' id='word_1_269' title='bbox 1016 3387 1087 3451; x_wconf 87' lang='lat' dir='ltr'><strong>vita</strong></span> <span class='ocrx_word' id='word_1_270' title='bbox 1114 3385 1176 3449; x_wconf 91' lang='lat' dir='ltr'><strong>sibi</strong></span> <span class='ocrx_word' id='word_1_271' title='bbox 1199 3407 1269 3451; x_wconf 88' lang='lat' dir='ltr'><strong>esse</strong></span> 
     </span>
     <span class='ocr_line' id='line_1_36' title="bbox 262 3473 1309 3627; baseline -0.006 -87"><span class='ocrx_word' id='word_1_272' title='bbox 262 3476 492 3560; x_wconf 84' lang='lat' dir='ltr'><strong>expetendum,</strong></span> <span class='ocrx_word' id='word_1_273' title='bbox 514 3475 577 3539; x_wconf 90' lang='lat' dir='ltr'><strong>nisi</strong></span> <span class='ocrx_word' id='word_1_274' title='bbox 601 3473 686 3558; x_wconf 92' lang='lat' dir='ltr'><strong>quod</strong></span> <span class='ocrx_word' id='word_1_275' title='bbox 709 3473 871 3538; x_wconf 87' lang='lat' dir='ltr'><strong>laudabile</strong></span> <span class='ocrx_word' id='word_1_276' title='bbox 895 3479 980 3539; x_wconf 90' lang='lat' dir='ltr'><strong>esset</strong></span> <span class='ocrx_word' id='word_1_277' title='bbox 1003 3478 1036 3537; x_wconf 89' lang='lat' dir='ltr'><strong>et</strong></span> <span class='ocrx_word' id='word_1_278' title='bbox 1058 3475 1270 3627; x_wconf 84' lang='lat' dir='ltr'><strong>praeclarum,</strong></span> <span class='ocrx_word' id='word_1_279' title='bbox 1283 3491 1309 3534; x_wconf 80' lang='lat' dir='ltr'><strong>u</strong></span> 
     </span>
    </p>

    <p class='ocr_par' dir='ltr' id='par_1_5' title="bbox 181 3543 1271 3738">
     <span class='ocr_line' id='line_1_37' title="bbox 181 3543 1269 3654; baseline 0.006 -34"><span class='ocrx_word' id='word_1_280' title='bbox 181 3543 241 3654; x_wconf 60' lang='lat'><strong>,33</strong></span> <span class='ocrx_word' id='word_1_281' title='bbox 253 3563 433 3625; x_wconf 69' lang='lat' dir='ltr'><strong>murentur?</strong></span> <span class='ocrx_word' id='word_1_282' title='bbox 460 3563 604 3628; x_wconf 84' lang='lat' dir='ltr'><strong>Veniant</strong></span> <span class='ocrx_word' id='word_1_283' title='bbox 626 3562 755 3648; x_wconf 88' lang='lat' dir='ltr'><strong>igitur</strong></span> <span class='ocrx_word' id='word_1_284' title='bbox 746 3568 791 3626; x_wconf 84' lang='lat' dir='ltr'><strong>rst</strong></span> <span class='ocrx_word' id='word_1_285' title='bbox 791 3564 803 3627; x_wconf 92' lang='lat' dir='ltr'><strong>i</strong></span> <span class='ocrx_word' id='word_1_286' title='bbox 821 3564 975 3627; x_wconf 90' lang='lat' dir='ltr'><strong>inrisores</strong></span> <span class='ocrx_word' id='word_1_287' title='bbox 996 3562 1093 3627; x_wconf 91' lang='lat' dir='ltr'><strong>huius</strong></span> <span class='ocrx_word' id='word_1_288' title='bbox 1112 3567 1185 3628; x_wconf 88' lang='lat' dir='ltr'><strong>orat</strong></span> <span class='ocrx_word' id='word_1_289' title='bbox 1186 3564 1269 3629; x_wconf 92' lang='lat' dir='ltr'><strong>ionis</strong></span> 
     </span>
     <span class='ocr_line' id='line_1_38' title="bbox 224 3651 1271 3738; baseline 0.015 -36"><span class='ocrx_word' id='word_1_290' title='bbox 224 3662 271 3704; x_wconf 78' lang='lat' dir='ltr'><strong>oc</strong></span> <span class='ocrx_word' id='word_1_291' title='bbox 292 3652 490 3716; x_wconf 80' lang='lat' dir='ltr'><strong>sententiae</strong></span> <span class='ocrx_word' id='word_1_292' title='bbox 516 3653 587 3717; x_wconf 88' lang='lat' dir='ltr'><strong>et</strong></span> <span class='ocrx_word' id='word_1_293' title='bbox 574 3675 644 3718; x_wconf 86' lang='lat' dir='ltr'><strong>ram</strong></span> <span class='ocrx_word' id='word_1_294' title='bbox 669 3651 755 3718; x_wconf 84' lang='lat' dir='ltr'><strong>vel</strong></span> <span class='ocrx_word' id='word_1_295' title='bbox 746 3652 813 3738; x_wconf 85' lang='lat' dir='ltr'><strong>rpsi</strong></span> <span class='ocrx_word' id='word_1_296' title='bbox 834 3651 993 3727; x_wconf 85' lang='lat' dir='ltr'><strong>iudicent,</strong></span> <span class='ocrx_word' id='word_1_297' title='bbox 1015 3656 1130 3716; x_wconf 87' lang='lat' dir='ltr'><strong>utrum</strong></span> <span class='ocrx_word' id='word_1_298' title='bbox 1154 3675 1188 3717; x_wconf 88' lang='lat' dir='ltr'><strong>se</strong></span> <span class='ocrx_word' id='word_1_299' title='bbox 1214 3653 1271 3719; x_wconf 89' lang='lat' dir='ltr'><strong>ho·</strong></span> 
     </span>
    </p>
   </div>
   <div class='ocr_carea' id='block_1_3' title="bbox 0 0 1482 4150">
    <p class='ocr_par' dir='ltr' id='par_1_6' title="bbox 0 0 1482 4150">
     <span class='ocr_line' id='line_1_39' title="bbox 0 0 1482 4150; baseline 0 0"><span class='ocrx_word' id='word_1_300' title='bbox 0 0 1482 4150; x_wconf 95' lang='lat' dir='ltr'><strong> </strong></span> 
     </span>
    </p>
   </div>
  </div>
 </body>
</html>
