2950 4150
538 323 614 382 cnr.
636 331 676 393 re,
697 332 738 382 14.
776 332 923 392 ece-cr.
1174 324 1236 388 179

228 491 362 571 propter
390 509 460 552 eam
488 487 701 573 suscipiamus
729 487 920 554 molestias?
966 486 1050 563 Quid
1077 487 1163 552 enim
1190 487 1237 550 in·

228 579 330 639 terest
353 579 445 640 motu
468 576 567 641 animi
590 578 720 641 sublato
743 598 810 641 non
832 576 903 642 dico
925 575 1012 641 inter
1030 575 1184 661 pecudem
1203 579 1236 638 et

228 664 405 742 hominem,
434 665 490 728 sed
517 665 602 729 inter
624 665 790 730 hominem
814 669 847 728 et
869 670 1019 730 truncum
1042 669 1100 729 aut
1122 685 1236 728 saxum

229 756 286 816 aut
309 752 435 835 quidvis
459 754 586 854 generis
610 753 776 818 eiusdem?
820 751 934 837 Neque
963 753 1048 818 enim
1076 757 1152 817 sunt
1179 751 1237 815 isti

202 840 392 925 suadendi,
422 863 476 925 qur
504 841 659 906 virtutem
687 841 801 905 duram
828 845 862 906 et
888 841 982 926 quasi
1005 841 1143 906 ferream
1166 861 1236 905 esse

229 929 390 1012 quandam
407 931 536 1014 volunt,
555 952 637 1014 quae
657 929 786 1014 quidem
800 934 851 994 est
865 951 938 995 cum
952 930 1065 995 multis
1078 929 1113 993 in
1130 930 1236 1012 rebus,

228 1022 298 1082 tum
321 1017 355 1082 in
378 1018 522 1083 amicitia
544 1022 656 1083 tenera
678 1021 776 1101 atque
799 1018 998 1102 tractabilis,
1027 1022 1064 1084 ut
1087 1017 1235 1082 ethonis

228 1106 323 1171 amici
356 1107 449 1189 quasi
482 1106 679 1170 diffimdatur
711 1111 745 1172 et
777 1106 989 1172 incommodis
1016 1105 1236 1172 contrahatur.

228 1191 332 1268 Quam
356 1195 397 1259 ob
420 1216 489 1258 rem
508 1216 611 1281 angor
629 1195 700 1278 iste,
723 1194 780 1278 qui
797 1217 857 1279 pro
876 1195 979 1260 amico
999 1216 1094 1280 saepe
1112 1193 1237 1278 capien-

190 1298 214 1337 ro
229 1283 287 1346 dus
312 1285 371 1364 est,
393 1304 460 1347 non
482 1287 612 1347 tantum
634 1283 732 1366 valet,
753 1287 791 1346 ut
811 1283 910 1348 tollat
928 1305 946 1348 e
964 1283 1033 1347 vita
1052 1283 1237 1365 amicitiam,

229 1391 295 1434 non
317 1370 390 1453 plus
415 1392 512 1453 quam
535 1374 573 1434 ut
595 1370 747 1454 uirtutes,
771 1371 933 1454 quianon
956 1371 1064 1435 nullas
1087 1392 1180 1436 curas
1205 1374 1237 1433 et

230 1457 397 1522 molestias
421 1458 585 1541 adferunt,
607 1458 826 1541 repudientur.

296 1543 377 1610 Cum
405 1550 514 1611 autem
541 1547 714 1612 contrahat
742 1546 933 1632 amicitiam,
964 1552 1001 1612 ut
1033 1569 1131 1633 supra
1163 1546 1237 1631 dixi,
1249 1545 1288 1610 14

230 1635 258 1699 si
280 1656 345 1718 qua
368 1633 563 1720 significatio
582 1636 715 1707 virtutis
733 1637 867 1721 eluceat,
890 1636 932 1701 ad
951 1658 1048 1720 quam
1067 1659 1101 1702 se
1119 1636 1235 1701 similis

191 1739 214 1779 n
229 1722 355 1787 animus
379 1723 520 1809 adplicet
547 1727 581 1788 et
608 1724 778 1810 adiungat,
805 1724 838 1788 id
865 1746 938 1790 cum
965 1724 1117 1812 contigit,
1145 1746 1237 1789 amor

229 1811 392 1876 exoriatur
410 1834 540 1877 necesse
558 1816 617 1877 est.
654 1810 738 1888 Quid
757 1813 843 1876 enim
860 1816 931 1878 tam
949 1813 1124 1877 absurdum
1139 1835 1236 1897 quam
1255 1827 1288 1877 49

229 1900 383 1964 delectari
405 1901 518 1965 multis
540 1900 693 1965 inanimis
716 1901 826 1983 rebus,
849 1905 886 1965 ut
908 1901 1040 1986 honore,
1061 1905 1099 1966 ut
1122 1901 1237 1988 gloria,

229 1993 265 2053 ut
293 1988 451 2071 aedificio,
483 1992 520 2052 ut
551 1989 672 2054 vestitu
701 1990 854 2073 cultuque
882 1989 1040 2075 corporis,
1072 1990 1237 2056 animante

229 2078 349 2141 virtute
372 2077 534 2162 praedito,
557 2099 594 2142 eo
619 2078 675 2162 qui
696 2079 749 2143 vel
773 2101 882 2144 amare
905 2079 970 2163 vel,
993 2082 1031 2144 ut
1052 2080 1100 2146 ita
1123 2080 1237 2165 dicam,

190 2182 214 2220 2⁰
230 2166 396 2230 redamare
418 2166 537 2250 possit,
566 2188 632 2231 non
655 2166 827 2232 admodum
851 2167 1026 2232 delectari?
1071 2166 1163 2233 Nihil
1186 2172 1237 2235 eet

230 2254 315 2318 enim
338 2255 597 2320 remuneratione
623 2254 876 2340 benivolentiae,
905 2255 987 2319 nihil
1016 2256 1236 2321 vicissitudine

230 2343 409 2408 studiorum
424 2342 667 2426 officiorumque
681 2343 858 2408 iucundius.
890 2342 981 2427 Quid,
1000 2344 1028 2407 si
1041 2343 1123 2408 illud
1138 2345 1236 2409 etiam
1255 2352 1291 2409 ⁶0

230 2432 390 2510 addimus,
413 2433 499 2516 quod
521 2436 608 2497 recte
631 2431 705 2496 addi
727 2435 850 2517 potest,
876 2431 959 2495 nihil
982 2452 1065 2514 esse,
1088 2432 1174 2515 quod
1196 2432 1236 2497 ad

231 2542 264 2584 se
287 2542 355 2584 rem
378 2520 480 2584 ullam
503 2524 572 2585 tam
595 2521 719 2586 alliciat
742 2524 775 2585 et
798 2520 944 2585 attrahat
970 2542 1068 2604 quam
1096 2520 1136 2584 ad
1159 2521 1237 2585 ami·

191 2624 215 2662 ²⁶
230 2608 340 2674 citiam
364 2608 565 2673 similitudo?
588 2609 780 2675 concedetur
798 2607 944 2695 profecto
963 2631 1075 2674 verum
1098 2631 1177 2693 esse,
1199 2613 1237 2674 ut

230 2698 333 2762 bonos
360 2697 439 2762 boni
466 2697 606 2783 diligant
628 2698 873 2782 adsciscantque
896 2697 959 2762 sibi
982 2698 1074 2782 quasi
1104 2699 1236 2783 propin-

231 2786 355 2868 quitate
378 2785 566 2851 coniunctos
591 2790 687 2869 atque
710 2790 837 2851 natura.
882 2786 973 2850 Nihil
1002 2790 1052 2851 est
1075 2788 1160 2852 enim
1183 2810 1236 2871 ap-

230 2873 392 2959 petentius
408 2873 562 2938 similium
577 2874 627 2938 sui
641 2895 699 2939 nec
712 2874 861 2959 rapacius
877 2897 973 2958 quam
983 2879 1109 2940 natura.
1133 2873 1236 2950 Quam

231 2962 273 3025 ob
300 2982 368 3025 rem
395 2962 457 3027 hoc
485 2961 627 3046 quidem,
653 2960 757 3027 Fanni
780 2967 814 3027 et
836 2960 1003 3048 Scaevola,
1030 2968 1170 3048 constet,
1199 2967 1236 3027 ut

190 3067 215 3105 ³⁰
230 3050 354 3134 opinor,
371 3050 466 3114 bonis
484 3051 569 3115 inter
587 3051 689 3116 bonos
709 3051 802 3135 quasi
819 3052 1033 3117 necessariam
1051 3052 1236 3118 benivolen-

229 3138 319 3221 tiam,
344 3139 398 3221 qui
422 3142 472 3202 est
491 3139 652 3204 amicitiae
670 3139 744 3205 fons
763 3162 783 3205 a
800 3145 918 3205 natura
936 3142 1141 3206 constitutus.
1174 3137 1235 3204 Sed

231 3226 341 3292 eadem
364 3227 493 3292 bonitas
518 3227 616 3291 ctiam
640 3227 680 3291 ad
703 3228 944 3293 multitudinem
966 3230 1116 3314 pertinet
1160 3227 1236 3293 Non

231 3316 315 3380 enim
330 3320 379 3380 est
390 3316 567 3380 inhumana
581 3316 684 3381 virtus
698 3339 801 3400 neque
814 3317 956 3382 inmunis
970 3338 1073 3401 neque
1087 3317 1236 3401 superba,

230 3424 311 3489 quae
330 3405 429 3470 etiam
447 3406 585 3491 populos
603 3405 771 3470 universos
790 3407 874 3471 tueri
893 3407 1001 3489 eisque
1018 3408 1150 3490 optume
1164 3428 1235 3470 con-

191 3509 215 3548 35
230 3494 335 3558 sulere
358 3494 476 3577 soleat3
499 3493 585 3577 quod
601 3516 668 3559 non
689 3493 811 3559 faceret
833 3494 988 3579 profecto,
1011 3494 1039 3557 si
1062 3493 1235 3559 ecaritate

229 3582 320 3666 vulgi
344 3582 541 3647 abhorreret.
578 3581 687 3667 Atque
711 3583 809 3648 etiam
833 3583 913 3646 mihi
932 3582 1060 3666 quidem
1078 3583 1235 3666 videntur,
1253 3597 1285 3649 ol

230 3670 285 3752 qui
307 3669 487 3736 utilitatum
511 3693 608 3736 causa
625 3672 753 3758 fingunt
772 3671 947 3752 amicitias,
965 3670 1250 3795 amaniliemmm

1047 3773 1092 3819 aa

616 3923 716 3939 ..n-—
