2950 4150
561 309 637 365 aar.
659 317 771 366 12-14.
808 316 953 376 ser-ee.
1194 310 1255 373 14?

254 477 426 560 peteretur,
446 471 593 557 qnodque
608 475 719 556 spreta
732 475 766 536 et
784 475 970 556 contempta
984 473 1152 556 voluptate
1166 476 1257 556 optu-

254 584 326 627 mus
357 560 491 644 quisque
518 563 714 643 sequeretur.
760 558 902 634 Quorsus
929 559 1031 645 igitur
1057 564 1125 624 tam
1153 560 1257 625 multa
1276 576 1310 626 44

254 650 293 714 de
315 648 505 733 voluptate?
551 645 633 723 Quia
655 669 720 712 non
743 648 839 713 modo
862 647 1057 733 vituperatio
1078 648 1179 733 nulla,
1202 649 1258 713 sed

255 738 353 802 etiam
377 758 503 801 summa
525 737 597 800 laus
622 736 796 801 senectutis
820 740 878 820 est,
904 735 989 821 quod
1012 757 1051 801 ea
1072 737 1256 822 voluptates

228 825 359 889 enullas
382 845 578 910 magnopere
598 823 766 889 desiderat
803 822 900 890 Caret
918 824 1022 910 epulis
1041 825 1257 909 extractisque

254 913 374 978 mensis
398 911 671 997 etfrequentibus
692 912 827 998 poculis,
850 916 938 978 caret
956 933 1033 999 ergo
1053 913 1151 977 etiam
1168 914 1257 978 vinu-

253 1002 355 1067 lentia
378 1005 412 1065 et
434 1001 593 1066 cruditate
617 1004 650 1064 et
675 1000 855 1065 insomniis.
900 998 962 1065 Sed
986 1001 1014 1066 si
1037 1000 1158 1084 aliquid
1182 1002 1257 1066 dan·

253 1090 331 1154 dum
354 1092 404 1154 est
426 1089 598 1173 voluptati,
622 1089 775 1172 quoniam
799 1089 867 1153 eius
889 1089 1056 1154 blanditiis
1079 1111 1145 1154 non
1161 1089 1257 1154 facile

254 1177 442 1243 obsistimus
476 1176 597 1262 (divine
629 1176 715 1240 enim
746 1176 841 1242 Plato
874 1176 1016 1242 ‘escam
1052 1177 1256 1243 malorum'

216 1285 242 1325 ιο
255 1266 400 1349 appellat
422 1265 640 1348 voluptatem,
664 1265 750 1347 quod
772 1286 811 1329 ea
832 1263 982 1330 videlicet
1004 1264 1151 1330 homines
1174 1266 1257 1349 capi·

255 1357 352 1417 antur
374 1357 411 1417 nt
432 1349 566 1438 pisces),
594 1373 790 1436 quamquam
811 1352 1020 1417 inmoderatis
1043 1353 1147 1438 epulis
1169 1358 1258 1418 caret

256 1443 415 1523 senectus,
450 1438 583 1504 modicis
620 1443 729 1504 tamen
765 1440 920 1506 conviviis
956 1440 1110 1505 delectari
1140 1444 1257 1526 potest.

256 1526 469 1593 annaeum
487 1527 530 1591 Μ.
548 1527 579 1612 f,
602 1528 657 1612 qui
675 1527 802 1594 Poenos
820 1528 923 1594 classe
942 1528 1065 1613 primus
1088 1528 1258 1613 devicerat,

254 1616 441 1680 redeuntem
464 1638 484 1680 a
502 1636 580 1680 cena
599 1637 707 1681 senem
726 1637 822 1702 saepe
839 1616 989 1681 videbam
1006 1638 1100 1701 puer;
1122 1617 1258 1683 delecta-

215 1722 241 1764 rs
254 1704 352 1769 batur
370 1723 460 1768 cereo
479 1703 582 1768 funali
601 1707 634 1768 et
651 1704 794 1788 tibicine,
816 1726 897 1788 quae
916 1704 979 1769 sibi
996 1706 1088 1770 nullo
1111 1707 1258 1790 exemplo

254 1792 402 1877 privatus
435 1795 631 1876 sumpserat3
666 1795 796 1857 tantum
831 1792 980 1857 licentiae
1013 1792 1112 1857 dabat
1143 1794 1258 1879 gloria.

255 1878 317 1945 Sed
340 1879 417 1964 quid
440 1900 501 1981 ego
524 1879 628 1944 alios?
652 1880 693 1945 ad
715 1902 767 1944 me
789 1880 896 1965 ipsum
918 1881 983 1944 iam
1006 1884 1160 1945 revertar.
1191 1881 1258 1946 Pri-
1276 1897 1310 1948 es

255 1990 343 2033 mum
376 1967 476 2032 habui
508 1988 635 2052 semper
666 1968 802 2033 sodales.
847 1966 1043 2033 Sodalitates
1071 1973 1179 2034 autem
1206 1992 1257 2034 me

256 2059 426 2142 quaestore
444 2055 640 2122 constitutae
659 2060 736 2122 sunt
754 2058 854 2123 sacris
872 2056 977 2122 Idaeis
991 2056 1129 2144 Magnae
1141 2057 1258 2124 Matris

216 2164 242 2204 ao
256 2145 405 2231 acceptis.
439 2143 608 2229 Epulabar
629 2145 730 2231 igitur
755 2168 827 2211 cum
851 2145 1015 2211 sodalibus
1038 2147 1168 2211 omnino
1191 2169 1258 2213 mo

256 2234 332 2318 dice,
356 2232 412 2297 sed
431 2236 501 2297 erat
519 2232 650 2316 quidam
668 2232 778 2297 fervor
797 2234 928 2317 aetatis,
950 2256 1014 2317 qua
1031 2234 1257 2321 progrediente

146 2373 147 2378 η
256 2322 364 2387 omnia
394 2321 478 2386 fiunt
507 2320 542 2385 in
573 2321 640 2385 dies
673 2321 811 2386 mitiora.
860 2320 972 2405 Neque
1001 2322 1086 2386 enim
1113 2323 1258 2407 ipsorum

255 2410 476 2475 conviviorum
491 2408 738 2474 delectationem
751 2409 974 2494 voluptatibus
989 2410 1133 2494 corporis
1152 2410 1257 2497 magis

256 2520 354 2581 quam
376 2502 470 2562 coetu
493 2498 668 2562 amicorum
692 2501 725 2562 et
748 2497 950 2563 sermonibus
968 2497 1133 2562 metiebar.
1170 2497 1257 2563 Bene

217 2604 243 2645 ss
257 2586 343 2651 enim
366 2585 505 2650 maiores
528 2585 762 2651 accubitionem
785 2586 951 2671 epularem
973 2586 1158 2671 amicornm,
1182 2586 1258 2672 quia

256 2674 342 2739 vitae
351 2672 609 2739 coniunctionem
618 2674 761 2758 haberet,
776 2674 991 2739 convivium
1000 2674 1257 2760 nominaverunt,

257 2762 371 2826 melius
400 2783 497 2846 quam
525 2759 653 2845 Graeci,
684 2762 740 2845 qui
765 2762 828 2828 hoo
854 2762 940 2827 idem
966 2766 1037 2827 tum
1064 2768 1257 2848 compota·

255 2850 411 2933 tionem,
437 2853 509 2913 tum
536 2850 850 2915 concenationem
876 2855 1007 2935 vocant,
1034 2854 1085 2935 ut,
1112 2852 1197 2935 qnod
1223 2852 1258 2915 in

256 2958 294 3002 eo
313 2957 429 3023 genere
447 2937 616 3019 minimum
634 2942 693 3022 est,
715 2938 748 3002 id
766 2939 905 3004 maxime
922 2940 1060 3023 probare
1078 2940 1255 3039 videantu
1270 2998 1310 3059 14

217 3024 328 3111 coago
350 3046 427 3090 vero
450 3018 762 3110 propter‘sermonis
786 3026 1032 3092 delectationem
1054 3027 1256 3112 tempestiua
1275 3073 1309 3122 4,

256 3135 382 3197 quoque
405 3113 560 3179 conviviis
583 3113 731 3198 delector,
753 3137 812 3180 nec
835 3137 907 3179 cum
930 3114 1118 3198 aequalibus
1142 3114 1257 3198 solum,

257 3202 312 3286 qui
338 3202 432 3286 pauci
459 3201 632 3266 admodum
659 3206 797 3287 restant,
829 3202 885 3267 sed
916 3224 988 3267 cum
1019 3206 1129 3267 vestra
1158 3202 1257 3266 etiam

256 3294 363 3354 aetate
390 3293 487 3374 atque
514 3289 696 3375 vobiscum,
725 3291 893 3374 habeoque
921 3290 1078 3355 senectuti
1105 3311 1257 3376 magnam

258 3377 406 3464 gratiam,
429 3398 511 3461 quae
534 3377 615 3441 mihi
638 3378 794 3443 sermonis
817 3378 1006 3443 aviditatem
1030 3376 1132 3460 auxit,
1154 3377 1257 3462 potio

217 3481 243 3522 ⁸⁶
255 3465 306 3530 nis
326 3469 358 3529 et
376 3465 441 3530 cibi
459 3464 601 3530 sustulit.
638 3463 759 3538 Quodsi
777 3487 871 3549 quem
894 3465 993 3529 etiam
1014 3464 1079 3528 ista
1097 3463 1257 3530 delectant

270 3574 311 3617 ne
325 3553 455 3618 omnino
474 3554 598 3618 bellum
613 3552 767 3616 indixisse
785 3553 894 3618 videar
911 3551 1083 3636 voluptati,
1101 3553 1189 3617 cuius
1208 3557 1258 3618 est

270 3645 395 3706 ortaese
417 3640 549 3725 quidam
571 3640 731 3704 naturalis
750 3640 887 3724 modus),
908 3660 975 3704 non
991 3637 1151 3721 intellego
1165 3663 1213 3701 ne
1222 3642 1270 3698 'm

1067 3734 1126 3783 xa*
