2950 4150
270 263 336 327 210
674 261 873 316 PARADOXA

271 424 409 490 servitus
428 429 487 508 est,
511 424 538 488 si
556 425 636 490 haee
654 424 790 489 libertas
809 423 989 488 existimari
1008 423 1140 509 potest?
1172 422 1280 499 Quid?

271 535 343 578 cum
370 513 556 598 cupiditatis
584 512 768 577 dominatus
795 513 933 578 excessit
961 516 994 577 et
1026 513 1109 576 alius
1141 517 1192 576 est
1224 512 1279 578 do·

271 602 377 666 minus
397 605 527 666 exortus
546 623 584 665 ex
602 601 799 666 conscientia
817 605 1031 685 peceatomm,
1053 601 1162 684 timor,
1180 623 1279 684 quam

272 693 322 754 cst
344 690 403 754 illa
425 690 556 772 misera,
584 711 682 773 quam
705 689 785 753 dura
808 690 961 753 servitus!
1006 687 1279 755 Adulescentibus

271 779 369 862 paulo
397 778 636 862 loquacioribus
664 781 714 842 est
742 777 958 859 serviendum,
985 799 1111 860 omneS,
1139 779 1194 861 qui
1223 778 1318 842 ali-s

272 867 349 950 quid
372 868 453 932 scire
475 867 633 950 videntur,
656 871 824 950 tamquam
842 865 965 930 domini
982 867 1147 930 timentur.
1178 865 1280 931 Iudex

272 976 348 1020 vero
372 959 529 1038 quantum
551 955 652 1019 habet
670 954 884 1019 dominatum!
909 975 973 1038 quo
991 954 1108 1018 timore
1125 958 1280 1020 nocentes

219 1061 252 1108 41
273 1043 392 1108 adficit!
442 1043 496 1107 An
527 1064 594 1108 non
625 1048 675 1107 est
707 1043 812 1107 omnis
846 1046 952 1107 metus
984 1040 1145 1107 servitus?
1195 1041 1281 1118 Quid

272 1132 360 1195 valet
383 1131 484 1217 igitur
507 1132 565 1196 illa
588 1131 845 1216 eloquentissimi
862 1131 933 1214 viri,
955 1128 991 1195 L.
1005 1129 1124 1214 Crassi,
1146 1132 1281 1216 eopiosa

272 1221 377 1305 magis
401 1242 498 1304 quam
522 1220 649 1305 sapiens
668 1219 787 1284 oratio:
811 1219 978 1304 ‘Eripite
1001 1240 1070 1284 nos
1093 1241 1136 1282 ex
1159 1220 1317 1284 servi-rc

272 1307 393 1373 tute'?
426 1307 514 1383 Quae
533 1313 584 1373 est
601 1309 666 1372 ista
684 1308 823 1373 servitus
846 1313 916 1372 tarn
939 1308 1027 1373 claro
1050 1306 1175 1372 homini
1196 1311 1281 1373 tam·

273 1418 334 1480 que
364 1395 491 1461 nobili?
543 1396 656 1463 Omnis
688 1396 789 1461 animi
819 1396 981 1460 debilitati
1013 1400 1046 1460 et
1081 1395 1215 1460 humilis
1247 1402 1281 1461 et

271 1483 369 1549 fracti
397 1484 556 1548 timiditas
585 1485 723 1548 servitus
751 1489 810 1548 est.
855 1483 978 1548 ‘Nolite
1007 1485 1110 1548 sinere
1133 1505 1193 1548 nos
1217 1485 1280 1549 eui·

273 1595 370 1655 quam
394 1572 534 1637 servire?
566 1571 606 1635 In
629 1572 815 1636 libertatem
834 1571 990 1638 vindicari
1007 1573 1100 1637 volt?
1131 1571 1280 1657 Minime;

273 1662 349 1745 quid
377 1663 462 1726 enim
490 1659 658 1746 adiungit?
703 1657 792 1724 ‘Nisi
818 1660 912 1724 vobis
943 1659 1123 1724 universis?
1168 1661 1280 1726 Domi·
1293 1679 1317 1720 rs

271 1772 349 1814 num
372 1753 511 1832 mutare,
541 1770 607 1813 non
630 1749 712 1813 liber
735 1770 805 1813 esse
827 1749 907 1814 volt.
953 1747 1088 1823 ‘Quibus
1112 1753 1145 1813 et
1167 1771 1280 1834 possu-

271 1859 343 1902 mus
368 1842 401 1902 et
423 1836 597 1902 debemus?
637 1835 706 1902 Nos
729 1859 816 1920 vcro,
839 1837 996 1921 siquidem
1020 1837 1128 1902 animo
1152 1837 1279 1904 excelso

272 1930 306 1989 et
328 1926 397 1990 alto
420 1930 454 1990 et
475 1926 651 1991 virtutibus
675 1929 872 2011 exaggerato
896 1946 1022 2007 sumus,
1044 1947 1103 1990 nec
1126 1925 1279 1991 debemus

271 2034 330 2079 nee
357 2034 542 2099 possumus3
573 2018 610 2078 tu
637 2034 732 2099 posse
759 2017 793 2079 tc
821 2014 933 2098 dicito,
964 2014 1117 2099 quoniam
1149 2014 1280 2100 quidem

272 2107 375 2188 potes,
399 2102 514 2166 debere
536 2124 576 2167 ne
599 2102 727 2187 dixeris,
750 2104 903 2187 quoniam
925 2103 1007 2168 nihil
1032 2103 1204 2187 quisquam
1227 2104 1279 2169 de
1292 2123 1319 2163 rc

271 2191 337 2276 bet,
360 2191 423 2256 nisi
441 2190 527 2275 quod
545 2195 596 2255 est
613 2196 708 2275 turpe
726 2213 793 2258 non
810 2192 949 2256 reddere.
986 2189 1048 2256 Sed
1070 2191 1150 2256 haec
1172 2191 1280 2257 haute

272 2302 342 2345 nus.
386 2279 448 2345 Ille
480 2279 601 2363 videat,
633 2301 696 2363 quo
728 2280 824 2345 modo
855 2280 1033 2364 imperator
1066 2301 1135 2344 csse
1165 2281 1280 2366 possit,

272 2392 345 2434 cum
377 2390 450 2433 eum
481 2389 522 2433 ne
553 2369 692 2433 liberum
725 2368 854 2451 quidem
882 2389 951 2432 esse
980 2367 1065 2432 ratio
1093 2372 1127 2432 et
1158 2370 1280 2434 veritas

272 2459 345 2542 ipsa
368 2457 547 2522 convineat.

581 2648 889 2715 PARADOXON
911 2649 968 2713 VI.
1293 2669 1319 2709 ss

352 2752 422 2821 “On
444 2755 548 2840 μόνος
570 2750 589 2820 ὁ
613 2752 720 2838 σοφὸς
741 2754 910 2833 πλούσιος.

221 2878 253 3000 4}
276 2986 282 2998 .
339 2897 427 2974 Quae
450 2902 500 2963 est
522 2898 588 2962 ista
610 2898 644 2961 in
669 2896 952 2962 commemoranda
973 2898 1108 2981 pecunia
1131 2903 1189 2963 tua
1211 2904 1280 2962 tam

273 2986 415 3051 insolens
448 2984 647 3052 ostentatio?
701 2986 829 3050 solusne
861 2990 897 3049 tu
929 2985 1040 3050 dives?
1072 3009 1131 3071 pro
1162 2985 1195 3049 di
1221 2986 1279 3047 im·

273 3075 442 3140 mortales!
472 3096 574 3227 egone
602 3096 653 3138 mc
681 3073 808 3138 audisse
835 3073 958 3158 aliquid
981 3078 1014 3138 et
1044 3073 1192 3139 didicisse
1214 3093 1281 3135 non

274 3163 454 3250 gaudeam?
514 3164 628 3228 olusne
647 3161 758 3226 dives?
794 3160 886 3245 Quid,
909 3162 938 3225 si
959 3184 1000 3226 ne
1017 3163 1105 3227 dives
1128 3158 1280 3243 quidem?
1294 3179 1320 3217 eo

274 3252 360 3336 quid,
384 3252 412 3316 si
434 3273 557 3335 pauper
580 3248 701 3314 etiam?
738 3248 840 3325 Quem
858 3250 945 3313 enim
963 3248 1183 3333 intellegimus
1203 3247 1281 3312 divi-

273 3344 341 3405 tem
364 3344 421 3404 aut
438 3340 500 3404 hoc
517 3340 652 3403 verbum
670 3337 705 3401 in
723 3360 787 3422 quo
805 3338 935 3404 homine
954 3336 1125 3421 ponimus?
1158 3335 1281 3421 Opinor

273 3429 308 3492 in
326 3450 373 3511 eo,
398 3428 475 3511 quoi
493 3430 587 3491 tanta
604 3426 767 3511 possessio
787 3426 840 3510 sit,
861 3430 899 3490 ut
916 3425 958 3489 ad
975 3425 1156 3489 liberaliter
1174 3425 1282 3490 viven-

264 3516 344 3577 dum
361 3515 462 3579 facile
480 3519 653 3580 contentus
672 3513 725 3596 sit,
744 3515 799 3599 qui
816 3514 898 3579 nihil
919 3518 1062 3598 quaerat,
1084 3513 1167 3578 nihil
1186 3536 1282 3600 appe-

186 3608 226 3653 As
244 3600 311 3676 tat,
345 3601 439 3664 nibil
472 3607 570 3688 optet
604 3602 761 3691 amplius.
814 3602 952 3669 Animus
984 3607 1116 3689 oportet
1142 3607 1223 3666 tuus
1251 3620 1320 3665 ses
