2950 4150
261 293 324 357 138
499 292 592 346 orno
610 293 728 348 nmen
746 293 795 348 on
815 256 1026 349 sannorum

259 455 391 520 looitate
410 457 467 518 aut
484 454 651 519 celeritate
674 476 846 539 corporum
869 476 920 520 res
943 477 1082 542 magnae
1100 461 1265 542 geruntur,

259 543 315 607 sed
338 542 482 626 consilio,
506 543 712 626 auctoritate,
735 544 911 628 sententia,
941 545 1058 628 quibus
1081 566 1146 610 non
1168 546 1264 612 modo

207 647 239 699 18
257 654 323 696 non
342 630 460 714 orbari,
479 630 652 695 sedetiam
671 633 784 716 augeri
802 636 949 697 senectus
968 634 1061 699 solet.
1090 632 1163 697 Nisi
1179 633 1265 699 forte

258 741 319 806 ego
342 720 446 802 robis,
469 718 525 803 qui
547 724 580 783 et
604 719 697 784 miles
721 723 754 783 et
775 720 924 786 tribunus
944 725 977 785 et
994 722 1123 806 legatus
1142 725 1175 786 et
1193 744 1265 787 con-

258 809 310 872 sul
336 811 483 872 versatus
513 828 583 872 sum
611 809 646 872 in
673 807 764 873 vario
792 830 909 894 genere
935 809 1110 893 bellorum,
1139 832 1264 875 cessare

257 918 342 961 nunc
368 896 492 979 videor,
519 918 592 961 cum
619 897 709 961 bella
733 918 800 962 non
827 919 918 982 gero,
951 901 985 962 at
1013 899 1153 983 senatui,
1183 921 1264 982 quae
1291 917 1305 956 ⁵

239 1032 240 1035 ,
258 985 324 1049 sint
333 983 484 1070 gerenda,
496 985 691 1068 praescribo,
705 988 738 1048 et
748 1006 811 1069 quo
821 987 917 1050 modo
926 983 1181 1071 Karthagini...
1187 1037 1195 1069 ,
1214 988 1265 1051 cni

258 1073 343 1138 male
365 1073 432 1138 iam
455 1071 510 1136 diu
533 1072 691 1158 cogitanti
715 1073 838 1138 bellum
865 1073 969 1139 multo
998 1078 1074 1138 ante
1098 1075 1265 1175 denunti03

257 1163 296 1226 de
319 1184 383 1246 qua
404 1160 509 1226 vereri
527 1183 593 1226 non
607 1166 682 1226 ante
702 1161 855 1244 desinam,
878 1183 975 1314 quam
993 1162 1086 1226 illam
1126 1164 1264 1228 excisam

206 1267 238 1316 rs
258 1271 328 1314 esse
352 1270 543 1336 cognovero.
579 1247 683 1324 Quam
705 1251 850 1352 palmam
870 1249 996 1314 utinam
1015 1250 1048 1315 di
1065 1250 1266 1335 inmortales,

258 1335 428 1423 Scipio,t
413 1337 475 1403 tibi
506 1342 685 1422 reservent,
715 1341 753 1402 ut
786 1338 838 1402 ari
870 1338 1022 1423 reliquias
1055 1303 1266 1424 persequarel
1280 1359 1305 1396 ιο

257 1427 347 1492 cuius
366 1450 386 1491 a
403 1430 508 1492 morte
530 1426 646 1490 tertius
669 1388 722 1491 lric
745 1430 778 1490 et
800 1426 982 1491 tricesimus
1007 1449 1109 1492 annus
1131 1433 1191 1512 est,
1210 1429 1265 1493 sed

258 1514 448 1580 memoriam
470 1513 603 1577 illinsv
583 1514 645 1577 viri
667 1535 779 1577 omnes
799 1515 958 1600 excipient
976 1516 1054 1579 anni
1072 1538 1265 1599 consequen-

257 1609 317 1668 tes.
361 1602 457 1667 Anno
486 1604 560 1665 ante
593 1622 644 1665 me
676 1623 842 1667 censorem
874 1606 1022 1668 mortuus
1054 1607 1117 1687 est,
1148 1626 1264 1669 novem

258 1690 351 1757 annis
374 1693 450 1774 post
468 1711 576 1754 meum
594 1690 813 1774 consulatum,
840 1712 913 1756 cum
931 1692 1045 1757 consul
1073 1692 1191 1756 iterum
1213 1715 1264 1756 me

258 1780 389 1845 consule
413 1782 540 1843 creatus
564 1781 658 1843 esset.
693 1776 782 1842 Num
805 1778 916 1864 igitur,
939 1779 967 1844 si
990 1780 1031 1844 ad
1054 1780 1265 1846 centesimum
1280 1801 1305 1840 1⁵

259 1890 378 1932 annum
400 1866 550 1951 vixisset,
577 1867 752 1932 senectutis
781 1888 854 1932 eum
877 1888 954 1932 snae
977 1868 1179 1953 paeniteret?
1206 1890 1265 1935 nec

259 1957 344 2020 eninr
368 1955 554 2019 excursione
576 1977 635 2021 nec
659 1956 747 2020 saltu
764 1977 823 2020 nec
841 1956 965 2020 eminus
984 1956 1087 2022 hastis
1107 1962 1163 2022 aut
1181 1980 1265 2023 com·

258 2043 364 2108 minus
384 2042 502 2145 gladiis
520 2046 674 2128 uteretur,
693 2043 749 2108 sed
768 2043 913 2130 consilio,
936 2045 1071 2131 ratione,
1094 2047 1265 2113 sententia

258 2131 347 2208 Quae
369 2131 433 2195 nisi
456 2131 596 2196 essent
586 2154 621 2196 m
644 2131 787 2216 senibus,
816 2155 883 2198 non
909 2155 1072 2200 summum
1095 2136 1264 2201 consilium

206 2236 240 2286 ιο
258 2220 397 2286 maiores
420 2223 496 2285 nost
496 2220 525 2283 ri
548 2219 769 2322 appellassent
792 2225 950 2287 senatum.
990 2222 1088 2307 Apud
1109 2224 1265 2290 Lacedae·
1280 2245 1305 2282 ro

260 2309 384 2374 monios
408 2307 581 2394 quidem”
559 2331 596 2410 n,
619 2308 676 2393 qui
698 2309 935 2393 amplissimum
958 2312 1190 2395 magistratum
1213 2334 1265 2397 ge

258 2402 348 2483 runt,
374 2401 411 2462 ut
439 2400 528 2481 sunt,
561 2396 607 2462 sic
635 2396 734 2464 etiam
760 2398 970 2464 nominantur
998 2419 1099 2463 senes
1144 2398 1264 2475 Quodsi

258 2449 366 2572 legeio
390 2489 446 2551 aut
469 2448 580 2551 audire
602 2485 701 2552 volet
692 2507 719 2550 1s
744 2491 885 2571 externa,
907 2486 1067 2552 maximas
1089 2509 1141 2552 res
1161 2489 1264 2573 publi-

259 2596 312 2640 cas
341 2574 382 2638 ab
406 2573 665 2639 adulescentibus
688 2574 916 2659 labefactatas,
944 2598 964 2641 a
987 2576 1118 2641 senibus
1142 2581 1212 2642 sust
1214 2599 1265 2641 en-

258 2666 347 2726 tatas
371 2665 404 2725 et
426 2661 596 2726 restitutas
619 2663 797 2747 reperietis.
1279 2683 1305 2723 as

303 2749 418 2834 Cedo,
435 2747 502 2834 qui
517 2754 686 2817 vestram
703 2774 782 2816 rem
800 2753 996 2837 publicam
1010 2756 1161 2817 tantam
1175 2753 1265 2817 ami·

797 2840 909 2905 sistis
932 2842 1010 2905 tam
1033 2840 1133 2906 cito?

259 2924 312 2992 Sic
330 2926 416 2991 enim
434 2930 665 3011 percontantur
683 2928 706 3008 †
724 2932 762 2993 ut
782 2930 867 2993 est
857 2951 893 2993 m
909 2928 1014 2996 Naevi
1032 2934 1109 3015 poet
1110 2951 1148 2994 ae
1161 2928 1266 3013 Ludo,

259 3014 495 3099 respondentur
518 3019 551 3079 et
574 3015 639 3079 alia
662 3018 695 3079 et
717 3016 836 3081 hocin
858 3017 986 3124 primis.

304 3102 591 3169 Proveniebant
628 3104 803 3170 oratores
839 3103 943 3190 novi,
984 3108 1100 3171 stulti
1137 3106 1265 3171 adule-

958 3193 1134 3259 sce‘ntuli.

260 3280 440 3346 Temeritas
464 3283 515 3344 est
536 3279 685 3345 videlicet
705 3280 851 3345 florentis
875 3282 1002 3365 aetatis,
1025 3281 1197 3366 prudentia
1220 3304 1266 3346 se
1282 3300 1305 3339 n

260 3369 431 3435 noscentis.

208 3426 240 3553 ,l
327 3458 373 3522 At
395 3456 552 3522 memoria
574 3455 740 3521 minuitur.
785 3454 902 3540 Credo,
929 3456 992 3521 nisi
1015 3478 1086 3522 eam
1110 3480 1267 3542 exerceas,

262 3550 318 3610 aut
337 3546 435 3613 etiam
454 3546 482 3611 si
500 3545 545 3610 sis
564 3549 683 3610 natura
700 3543 833 3610 tardior.
869 3544 1103 3611 Themistocles
1123 3547 1266 3612 omnium

261 3632 379 3698 civium
398 3637 589 3720 perceperat
611 3632 757 3718 nomina3
786 3655 863 3697 num
890 3633 993 3719 igitur
1019 3635 1157 3700 censetis
1185 3659 1267 3714 eum,
