2950 4150
524 331 600 385 car.
620 337 724 386 ao-as
762 337 910 395 scs-so.
1089 390 1092 395 ,
1151 333 1212 396 159

211 496 393 560 animorum
421 491 638 576 disseruisset,
669 492 698 556 is
726 492 782 575 qui
809 495 895 556 esset
918 492 1061 556 omnium
1090 493 1212 576 sapien-

210 581 358 648 tissimus
381 580 511 646 oraculo
530 579 694 664 Apollinis
713 579 882 644 iudicatus.
915 578 998 654 Quid
1018 580 1144 645 multa?
1167 580 1213 646 sic

209 668 357 756 persuasi
379 668 474 753 mihi,
498 667 543 733 ric
567 667 684 751 sentio,
707 689 780 733 cum
802 671 896 732 tanta
919 668 1067 732 celeritas
1093 668 1213 733 animo

209 780 283 824 rum
306 758 363 840 sit,
393 759 486 821 tenta
513 756 669 821 memoria
690 756 940 840 praeteritorum
967 756 1213 839 futurorumque

183 845 390 933 eprudentia,
413 848 465 909 tot
483 848 579 928 artes,
601 847 713 908 tantae
736 842 899 927 scientiae,
921 847 972 908 tot
989 844 1130 928 inventa,
1147 866 1213 908 non

209 955 306 1020 posse
330 955 401 998 eam
423 935 582 1014 naturam,
606 953 687 1015 quae
706 953 758 996 res
777 953 831 996 eas
850 932 1023 1016 contineat,
1042 953 1112 997 esse
1130 953 1212 996 mor-

210 1024 320 1105 talem,
343 1042 477 1103 cumque
501 1041 627 1104 semper
646 1018 789 1105 agitetur
807 1020 933 1084 animus
947 1041 1006 1085 nee
1019 1020 1213 1105 principium

210 1114 319 1176 motus
341 1109 471 1193 habeat,
494 1108 570 1191 quia
592 1128 627 1172 se
649 1107 719 1192 ipse
742 1111 880 1190 moveat,
902 1129 942 1172 ne
965 1107 1061 1172 finem
1085 1108 1212 1191 quidem

210 1198 399 1263 habiturum
422 1217 491 1260 esse
514 1200 636 1279 motus,
660 1195 735 1278 quia
757 1217 933 1278 numquam
957 1216 991 1260 se
1011 1196 1081 1279 ipse
1105 1196 1149 1260 sit
1166 1217 1213 1259 re-

172 1305 197 1345 ιο
210 1287 360 1368 licturus,
388 1288 434 1362 et,
463 1305 535 1348 cum
563 1283 701 1368 simplex
728 1282 828 1347 animi
855 1287 941 1347 esset
967 1288 1084 1348 natura
1110 1306 1212 1366 neque

211 1374 347 1438 haberet
374 1372 408 1437 in
436 1393 470 1435 se
499 1371 670 1455 quicquam
697 1370 874 1434 admixtum
903 1371 1012 1454 dispar
1039 1371 1090 1435 sui
1117 1375 1213 1453 atque

213 1460 382 1545 dissimile,
408 1481 475 1525 non
496 1479 592 1543 posse
615 1480 688 1523 eum
710 1458 823 1542 dividi3
846 1458 932 1542 quod
954 1458 983 1523 si
1005 1479 1071 1523 non
1093 1463 1213 1543 posset,

211 1571 278 1614 non
294 1570 389 1634 posse
406 1547 553 1631 interire3
571 1567 753 1632 magnoque
772 1568 842 1612 esse
857 1551 1048 1633 argumento
1067 1547 1213 1612 homines

211 1637 293 1703 scire
315 1638 469 1722 pleraque
493 1639 581 1719 ante,
610 1657 708 1719 quam
730 1635 801 1700 nati
824 1635 903 1719 sint,
926 1635 1011 1719 quod
1030 1635 1095 1700 iam
1113 1636 1214 1719 pueri,

173 1742 198 1784 ¹⁶
212 1747 285 1792 cum
301 1729 387 1790 artes
407 1723 553 1789 difficiles
573 1723 707 1807 discant,
729 1723 777 1788 ita
796 1723 942 1788 celeriter
960 1743 1011 1787 res
1033 1723 1213 1787 innumera

211 1813 294 1878 biles
317 1812 488 1897 arripiant,
514 1816 552 1876 ut
581 1833 636 1876 aas
658 1832 724 1875 non
746 1815 816 1875 tum
839 1811 980 1895 primum
1003 1811 1147 1895 accipere
1170 1810 1214 1875 vi·

234 1904 356 1983 eantur,
380 1899 435 1964 sed
449 1900 611 1964 reminisci
626 1903 658 1963 et
676 1899 846 1964 recordari.
874 1898 963 1963 Haec
976 1897 1123 1963 Platonis
1137 1896 1213 1963 fere.

166 1902 578 2093 ffienophontem
602 1991 711 2052 autem
731 1987 871 2052 moriens
891 1984 994 2071 Cyrus
1013 1987 1117 2052 maior
1134 1987 1213 2053 haec
1224 1967 1266 2095 273

212 2078 303 2157 dicit:
335 2076 484 2142 ‘Nolite
508 2076 715 2160 arbitrari,
743 2098 762 2141 o
785 2076 879 2141 mihi
906 2076 1098 2141 carissimi
1121 2076 1214 2163 filii,

167 2171 199 2225 ‘ro
212 2188 281 2250 me,
304 2187 385 2231 eum
408 2187 428 2230 a
449 2164 560 2229 vobis
584 2164 814 2249 discessero,
836 2186 1022 2248 nusquam
1047 2169 1112 2228 aut
1129 2165 1213 2229 nul-

212 2255 288 2319 lum
311 2251 404 2317 fore.
436 2250 514 2317 Nec
537 2252 650 2335 euim,
673 2251 759 2315 dum
782 2273 883 2316 eram
901 2252 1113 2335 vobiscum,
1133 2252 1213 2316 ani·

212 2364 309 2407 mum
341 2362 461 2405 meum
497 2339 709 2423 videbatis,
746 2338 811 2403 sed
842 2360 925 2403 eum
958 2361 1042 2404 esse
1074 2341 1111 2403 in
1143 2339 1214 2404 hoc

213 2451 371 2514 corpore
395 2450 438 2493 ax
459 2428 509 2492 iis
527 2428 654 2511 rebus,
678 2447 771 2510 quas
790 2427 983 2511 gerebam,
1005 2427 1213 2513 intellege-

212 2518 325 2583 batis.
370 2514 539 2582 Eundem
562 2515 684 2601 igitur
712 2535 795 2580 esse
825 2514 1028 2598 creditate,
1058 2514 1213 2580 etiamsi

174 2606 361 2671 scnullum
383 2603 574 2668 videbitis.
621 2601 699 2670 Nec
720 2623 811 2668 vero
830 2604 1024 2668 clarorum
1043 2603 1211 2668 virorum
1232 2620 1265 2669 eo

212 2697 301 2779 post
332 2695 492 2757 mortem
527 2692 691 2756 honores
725 2695 1009 2775 permanerent,
1046 2691 1078 2756 si
1112 2692 1212 2756 nihil

214 2802 341 2845 eorum
367 2780 541 2865 ipsorum
569 2779 686 2844 animi
714 2778 935 2866 efficerent,
967 2800 1047 2880 quo
1067 2779 1213 2858 diutius

213 2867 434 2932 memoriam
457 2867 516 2932 sui
538 2859 1084 2956 teneremusJMihs'qurdem
1110 2887 1214 2932 num·

214 2976 325 3039 quam
356 2954 579 3039 persuaderi
609 2948 927 3039 potuifanimos,
959 2953 1043 3018 dum
1069 2955 1108 3018 in
1135 2976 1212 3020 cor·

172 3042 372 3128 oporibus
395 3046 527 3107 essent
545 3041 793 3126 mortalibus,
818 3042 961 3125 vivere,
988 3064 1070 3107 cum
1089 3062 1212 3107 exces-

213 3131 357 3196 sissent
389 3153 431 3195 ex
463 3130 531 3212 eis,
568 3131 699 3214 emori,
729 3151 797 3195 nec
823 3151 914 3194 vero
941 3134 1021 3194 tum
1048 3130 1215 3196 animum

213 3240 295 3284 esse
331 3218 595 3303 insipientem,
631 3239 712 3283 cum
748 3239 792 3283 ex
823 3217 1027 3301 insipienti
1056 3237 1214 3300 corpore

213 3307 417 3390 evasisset,
449 3304 514 3370 sed
541 3326 623 3371 cum
650 3305 752 3370 omni
779 3304 1013 3370 admixtione
1041 3302 1214 3388 corporis

213 3394 405 3460 liberatus
428 3413 550 3478 purus
573 3396 611 3457 et
631 3392 785 3479 integer
807 3413 890 3457 esse
908 3393 1114 3478 coepisset,
1136 3395 1215 3455 tum

172 3498 198 3541 ω
213 3504 296 3548 asse
320 3482 538 3567 sapientem.
571 3479 696 3564 Atque
719 3481 836 3546 etiam
858 3501 939 3545 cum
962 3478 1128 3544 hominis
1151 3501 1216 3543 na·

211 3574 300 3636 tura
324 3572 447 3634 morte
471 3567 715 3651 dissolvitur,
745 3572 958 3633 ceterarum
985 3589 1109 3632 rerum
1131 3589 1214 3652 per-

212 3658 387 3744 spicuum
405 3659 465 3721 est
483 3676 556 3739 quo
571 3677 741 3741 quaeque
755 3655 944 3737 discedat,
958 3656 1103 3719 abeunt
1118 3656 1227 3717 enim
