2950 4150
267 305 330 368 144
503 300 597 357 CATO
614 301 733 358 MAIOR
750 301 800 358 DE
819 301 1032 358 sannorum

264 469 302 530 ut
324 463 510 530 reficiantur
531 465 627 547 vires,
648 486 715 529 non
737 465 972 549 opprimantur.
1012 462 1081 530 Nec
1104 486 1181 531 vero
1206 487 1274 531 cor·

264 552 338 638 pori
361 554 467 618 solum
490 552 743 618 subveniendum
766 556 825 637 est,
848 553 904 618 sed
926 552 1029 617 menti
1047 556 1145 637 atque
1164 553 1273 619 animo

265 642 369 706 multo
392 641 512 726 magis,
534 663 611 706 nam
631 641 712 706 haec
730 662 866 726 quoque,
888 641 953 706 nisi
970 645 1139 726 tamquam
1157 642 1274 706 lumini

265 731 375 794 oleum>
399 729 553 813 instillas,
586 729 819 815 extinguuntur
846 732 1019 795 senectute.
1063 729 1108 795 Et
1135 751 1274 815 corpora

266 817 393 901 quidem
404 817 669 882 exercitationum
680 817 911 903 defatigatione
919 818 1159 903 ingravescunt,
1172 818 1273 883 animi
1299 836 1314 877 ε

266 910 374 971 autem
405 905 578 972 exercendo
610 907 769 972 levantur.
814 905 900 971 Nam
932 927 1012 990 quos
1044 906 1090 971 ait
1114 904 1272 971 Caecilius

265 994 447 1060 ‘comicos
476 995 622 1058 stultos
650 993 787 1079 senes',
818 995 879 1059 hos
916 994 1079 1080 significat
1115 994 1272 1078 credulos,

266 1083 456 1165 obliviosos,
480 1082 669 1165 dissolutos,
693 1105 775 1166 quae
797 1083 879 1147 vitia
901 1087 978 1147 sunt
999 1105 1065 1147 non
1088 1083 1273 1167 senectutis,

266 1171 322 1235 sed
339 1170 463 1253 inertis,
481 1171 627 1255 ignavae,
648 1171 884 1236 somniculosae
903 1171 1087 1236 senectutis.
1118 1169 1165 1236 Ut
1182 1174 1273 1256 petu-

266 1258 378 1342 lantia,
397 1263 434 1323 ut
452 1258 553 1325 libido
572 1259 677 1346 magis
697 1263 748 1324 est
766 1259 1019 1325 adulescentium
1038 1279 1315 1344 quamsenum,1o

264 1369 324 1413 nec
345 1351 457 1413 tamen
478 1347 623 1413 omnium
644 1348 907 1431 adulescentium,
929 1347 1069 1412 sednon
1087 1348 1272 1433 proborum,

267 1436 312 1501 sie
329 1435 396 1501 ista
413 1436 524 1501 senilis
548 1436 699 1520 stultitia,
723 1457 805 1520 quae
828 1436 977 1501 deliratio
996 1436 1156 1520 appellari
1179 1437 1273 1521 solet,

213 1539 245 1589 87
266 1546 378 1588 senum
406 1524 527 1588 levium
555 1529 617 1608 est,
644 1545 711 1588 non
738 1523 890 1588 omniurn.
936 1523 1097 1599 Quattuor
1119 1525 1272 1590 robustos

265 1612 361 1696 filios,
384 1611 524 1695 quinque
547 1611 642 1695 filias,
665 1614 793 1676 tantam
811 1611 952 1695 domum,
973 1615 1085 1676 tantas
1104 1613 1272 1678 clientelas

265 1700 393 1785 Appius
407 1702 542 1786 regebat
560 1703 593 1764 et
611 1721 723 1765 caecus
743 1703 776 1764 et
794 1711 905 1783 senex3
922 1699 1084 1764 intentum
1103 1701 1188 1765 enim
1207 1701 1314 1765 ani-1⁵

265 1811 355 1853 mum
382 1792 550 1873 tamquam
578 1810 688 1854 areum
714 1787 859 1853 habebat
885 1809 944 1852 nec
969 1788 1181 1873 languescens
1205 1810 1273 1856 sue·

265 1877 439 1942 eumbebat
462 1878 633 1961 senectuti3
659 1877 792 1942 tenebat
818 1899 885 1942 non
910 1876 1007 1941 modo
1036 1877 1272 1961 auctoritatem,

266 1964 444 2029 sedetiam
466 1964 637 2050 imperium
663 1967 699 2030 in
726 1987 815 2048 suos,
842 1965 1031 2030 metuebant
1058 1965 1156 2050 servi,
1185 1987 1273 2030 vere

265 2053 384 2117 bantur
407 2051 509 2136 liberi,
532 2075 642 2119 earum
665 2075 777 2119 omnes
799 2053 979 2138 habebant3
1001 2052 1135 2140 vigebat
1156 2054 1191 2119 in
1213 2054 1273 2120 illa

214 2157 246 2207 ss
266 2140 361 2205 domo
389 2140 515 2225 patrius
542 2163 613 2206 mos
642 2146 675 2207 et
704 2141 882 2227 disciplina
927 2142 979 2207 Ita
1007 2144 1091 2207 enim
1124 2147 1271 2208 senectus
1286 2160 1311 2199 2⁰

264 2228 403 2294 honesta
425 2232 488 2312 est,
516 2228 544 2293 si
567 2250 601 2293 se
623 2229 696 2315 ipsa
719 2230 874 2316 defendit,
904 2231 932 2296 si
954 2231 1004 2295 ius
1029 2252 1122 2294 suurn
1144 2230 1273 2315 retinet,

266 2317 294 2382 si
316 2316 438 2382 nemini
461 2317 665 2402 emancipata
687 2323 747 2404 est,
769 2319 798 2383 si
820 2340 921 2402 usque
944 2317 990 2382 ad
1008 2317 1160 2381 ultimum
1180 2318 1272 2402 spiri·

264 2409 336 2471 tum
364 2405 549 2471 dominatur
574 2405 609 2470 in
637 2428 720 2472 suos.
765 2406 812 2472 Ut
839 2407 940 2506 enim·
955 2405 1207 2490 adulescentem,
1237 2406 1273 2471 in

266 2494 1312 2684 tltttstjttltsstot,tflsstctlttssitlttl2

266 2690 336 2733 esse
368 2669 502 2754 poterit,
533 2670 641 2735 animo
665 2691 850 2772 numquam
882 2670 951 2735 erit
997 2667 1085 2757 Sept
1076 2692 1160 2735 rmus
1191 2670 1272 2735 mihi

265 2757 349 2822 liber
380 2756 550 2843 Originum
581 2759 671 2823 est
662 2780 696 2823 m
728 2759 892 2843 manibus,
924 2758 1034 2823 omnia
1065 2759 1271 2843 antiquitatis

265 2849 454 2910 monument
455 2869 474 2911 a
492 2847 621 2932 colligo,
644 2868 814 2913 causarum
834 2847 1031 2932 inlustrium,
1054 2868 1271 2932 quascumque

266 2933 401 3018 defendi,
418 2956 503 3001 nunc
517 2957 589 3001 cum
604 2937 744 3000 maxime
758 2936 891 3001 conficio
911 2936 1152 3019 orationes,1us
1171 2957 1271 3021 augu-

265 3024 359 3107 rium,
381 3023 592 3108 pontificium,
615 3024 709 3089 civile
726 3028 842 3109 tracto,
864 3026 1004 3089 multum
1023 3025 1122 3089 etiam
1140 3022 1271 3089 Graecis
1285 3037 1311 3079 ω

265 3112 306 3176 lit
291 3111 386 3176 tteris
400 3114 549 3176 utort
486 3111 549 3195 Pyt
550 3112 829 3198 hagoreorumque
843 3134 932 3178 more
947 3112 1139 3178 exercendae
1154 3132 1271 3174 memo·

266 3200 333 3265 riae
348 3200 463 3285 gratia,
483 3201 560 3284 quid
578 3222 705 3303 quoque
725 3201 775 3265 die
794 3201 938 3285 dixerim,
957 3200 1121 3282 audierim,
1141 3198 1271 3299 egerim,

266 3309 483 3354 commemoro
502 3289 637 3374 vesperi.
673 3288 764 3355 Haec
783 3294 858 3355 sunt
843 3286 1151 3355 texercitationes
1141 3285 1272 3370 ingenii,

266 3376 346 3443 haee
362 3376 520 3443 curricula
538 3377 693 3461 mentis,
683 3400 718 3442 m
735 3377 787 3442 his
807 3378 966 3444 desudans
984 3380 1082 3459 atque
1102 3374 1271 3438 elaborans

265 3486 410 3567 corporis
424 3486 510 3531 vires
521 3487 587 3530 non
597 3486 717 3551 magno
728 3487 823 3551 opere
838 3466 992 3531 desidero.
1012 3463 1137 3527 Adsum
1151 3462 1273 3546 amicis,
1286 3479 1312 3520 ³⁵

265 3554 359 3618 venio
377 3554 412 3618 in
431 3557 579 3619 senatum
597 3554 749 3637 frequens
768 3556 818 3619 ult
803 3558 919 3639 troque
937 3551 1048 3618 adfero
1067 3573 1118 3616 res
1133 3551 1273 3617 multum

157 3704 160 3708 ,
258 3644 299 3704 et
318 3640 371 3706 diu
389 3644 514 3728 cogitat
515 3664 551 3708 as
571 3664 688 3728 easque
706 3647 800 3708 tueor
821 3642 929 3725 animi,
951 3663 1018 3707 non
1035 3640 1180 3727 corporis
1198 3640 1273 3705 viri·
