2950 4150
246 315 309 379 206
650 277 849 367 emenoni
887 248 893 273 l

245 475 477 542 coniurationis
496 496 515 538 a
529 473 690 540 Catilinae
708 474 802 537 furiis
817 474 858 538 ad
871 479 965 537 tuum
980 475 1084 539 scelus
1098 475 1251 539 furorem·

193 582 226 630 28
247 587 308 648 que
336 585 523 645 conversae,
550 583 616 627 non
643 562 757 627 civitas
790 568 868 626 erat.
914 562 1027 645 ltaque
1054 563 1167 646 pulsus
1191 585 1250 648 ego

245 652 377 718 civitate
400 673 465 716 non
488 673 573 735 sum,
597 673 678 733 quae
699 651 792 715 nulla
815 654 900 733 erat,
924 651 1096 716 accersitus
1119 651 1155 714 in
1177 651 1252 716 civi·

244 746 347 805 tatem
371 762 458 822 sum,
481 761 554 805 oum
577 745 662 803 esset
685 740 719 803 in
742 761 777 803 re
800 739 931 824 publica
953 739 1080 822 consul,
1102 739 1158 823 qui
1181 745 1252 804 tum

243 829 352 894 nullus
375 828 495 911 fuerat,
518 834 604 892 esset
628 831 773 910 senatus,
797 828 944 911 quitum
968 827 1142 910 occiderat,
1164 833 1253 893 esset
1279 845 1291 885 ⁸

244 939 417 983 consensus
440 917 553 1001 populi
576 916 668 999 liber,
691 919 777 980 esset
798 915 879 979 iuris
902 920 935 979 et
958 915 1146 1000 aequitatis,
1169 938 1252 999 quae

245 1005 352 1071 vincla
370 1009 447 1070 sunt
464 1005 616 1086 civitatis,
634 1004 773 1089 repetita
792 1004 955 1069 memoria.
987 1007 1036 1069 Ao
1053 1004 1135 1088 vide,
1155 1026 1253 1088 quam

245 1095 310 1158 istc
337 1094 385 1158 tui
411 1093 574 1159 latrocinii
602 1092 669 1157 tela
696 1092 955 1176 contempserim,
999 1092 1124 1157 lectam
1151 1097 1184 1157 et
1206 1094 1253 1158 in·

245 1184 380 1247 missam
407 1204 427 1246 a
454 1186 487 1245 te
513 1180 671 1246 nefariam
698 1182 733 1244 in
761 1203 812 1245 me
839 1181 990 1244 iniuriam
1013 1202 1140 1265 semper
1167 1182 1252 1266 duxi,

244 1270 429 1355 pervenisse
457 1270 498 1334 ad
524 1291 576 1334 me
603 1291 780 1353 numquam
806 1269 933 1354 putavi,
963 1269 1027 1332 nisi
1053 1268 1151 1348 forte,
1179 1292 1251 1335 cum
1267 1288 1292 1327 ιο

245 1359 385 1443 parietes
414 1358 621 1423 disturbabas
649 1363 706 1423 eut
732 1379 806 1423 cum
833 1358 929 1422 tectis
959 1357 1133 1422 sceleratas
1164 1357 1251 1422 feces

245 1447 421 1530 inferebas,
449 1468 595 1510 meorum
622 1446 745 1529 aliquid
772 1467 865 1510 ruere
889 1449 945 1510 aut
968 1445 1145 1531 deflagrare
1169 1447 1252 1511 arbi·

193 1552 226 1601 29
245 1536 386 1599 trabere.
431 1533 523 1598 Nihil
551 1556 654 1617 neque
681 1556 788 1598 meum
817 1538 867 1598 est
893 1555 997 1617 neque
1029 1535 1251 1618 quoiusquam,

246 1623 332 1707 quod
355 1621 484 1706 auferri,
508 1622 594 1704 quod
617 1622 705 1706 eripi,
730 1621 815 1705 quod
836 1622 945 1685 amitti
963 1624 1082 1706 potest.
1117 1620 1252 1688 simini

245 1711 418 1796 eripuisses
442 1711 585 1775 divinam
608 1711 707 1774 animi
728 1710 792 1774 mei
810 1709 1038 1775 conscientiam
1057 1712 1291 1796 meiscuris,1o

245 1799 381 1886 vigiliis,
413 1799 557 1864 consiliis
585 1802 672 1863 stare
700 1803 732 1863 te
759 1798 955 1864 invitissimo
983 1821 1052 1863 rem
1078 1800 1251 1883 publicam,
1297 1841 1299 1844 v

246 1889 274 1952 si
296 1889 392 1953 huius
416 1888 540 1952 aeterni
562 1887 709 1952 beneficii
731 1887 939 1952 inmortalem
961 1887 1151 1952 memoriam
1170 1889 1252 1952 dele-

245 1977 362 2060 visses,
393 1976 498 2040 multo
525 1975 625 2040 etiam
657 1976 777 2061 magis,
808 1975 837 2039 si
862 1976 955 2040 illam
982 1981 1136 2060 mentem,
1168 1978 1251 2041 unde

244 2065 325 2130 baec
348 2064 484 2130 consilia
506 2068 689 2148 mananmt,
711 2063 793 2129 mihi
814 2064 1001 2149 eripuisses,
1024 2067 1095 2129 tum
1118 2087 1178 2150 ego
1202 2088 1251 2131 cc·

245 2153 368 2238 cepisse
391 2174 442 2217 me
463 2153 633 2218 confiterer
650 2153 811 2217 iniuriam.
844 2151 907 2217 Sed
925 2154 953 2217 si
971 2154 1051 2218 haec
1068 2175 1127 2218 nec
1144 2154 1251 2218 fecisti
1265 2171 1290 2211 ro

245 2264 304 2307 nec
330 2241 435 2307 facere
462 2242 614 2327 potuisti,
645 2242 785 2306 reditum
817 2241 898 2305 mihi
927 2242 1107 2327 gloriosum
1132 2242 1251 2306 iniuria

245 2336 303 2395 tua
321 2330 418 2414 dedit,
440 2352 507 2395 non
525 2330 646 2394 exitum
665 2331 900 2395 calamitosum.
935 2329 1026 2415 Ergo
1045 2351 1106 2415 ego
1124 2350 1251 2413 semper

246 2419 339 2503 civis,
370 2423 404 2483 et
430 2422 502 2482 tum
529 2418 680 2502 maxime,
712 2441 785 2483 cum
817 2440 924 2483 meam
953 2418 1092 2481 salutem
1119 2422 1250 2482 senatus

246 2508 364 2572 exteris
392 2506 578 2571 nationibus
605 2512 641 2572 ut
667 2507 747 2571 civis
774 2506 901 2590 optumi
927 2505 1187 2590 commendabat,
1214 2511 1251 2570 tu

244 2617 285 2659 ne
307 2617 392 2660 nunc
416 2595 571 2697 quidem,
587 2594 651 2659 nisi
677 2596 762 2659 forte
785 2594 870 2659 idem
893 2594 998 2659 hostis
1021 2615 1091 2659 esse
1114 2600 1148 2659 et
1170 2595 1250 2659 civis
1264 2611 1290 2650 ²⁶

206 2755 225 2815 2
246 2687 364 2837 {dimid
382 2682 1251 2857 faitisdiieeldidliingdisl'doSigadilaeiiiminwfoibmibcibliil,

193 2830 227 2878 ³⁰
247 2860 381 2925 armatis
400 2859 582 2929 latronibus
603 2860 726 2944 templa
744 2859 888 2941 tenuisti,
909 2858 1111 2943 privatorum
1130 2859 1252 2937 domos,

247 2950 341 3014 aedes
364 2969 472 3013 sacras
499 2948 679 3013 incendisti.
724 2945 791 3013 Cur
812 2946 918 3011 hostis
941 2944 1130 3031 Spartacus,
1160 2949 1188 3012 si
1215 2951 1251 3011 tu

246 3037 347 3103 civis?
392 3036 490 3100 Potes
514 3040 623 3100 autem
646 3057 715 3100 esse
738 3040 775 3100 tu
798 3035 892 3118 civis,
919 3039 1054 3120 propter
1077 3058 1172 3120 quem
1195 3037 1251 3100 ali·
1266 3053 1291 3090 ³⁰

247 3125 374 3210 quando
398 3125 512 3190 civitas
535 3124 709 3189 nonfuit?
733 3128 767 3188 et
789 3145 841 3187 me
863 3126 921 3188 tuo
943 3125 1074 3188 nomine
1097 3125 1252 3209 appellas,

246 3237 319 3280 cum
329 3234 440 3278 omnes
451 3234 522 3277 meo
537 3213 679 3277 discessu
694 3213 840 3277 exulasse
854 3233 923 3276 rem
937 3212 1101 3296 publicam
1115 3211 1253 3296 putent?

245 3301 481 3385 Numquamne,
499 3301 597 3366 homo
612 3301 841 3382 amentissime,
854 3304 888 3364 te
902 3299 1147 3383 circumspicies,
1163 3321 1252 3363 num·

245 3412 352 3543 ital
374 3388 1080 3560 {lllltttttst:lllllufftltl
1090 3387 1292 3540 little

228 3564 274 3621 ob
292 3566 591 3640 praeclarissimas
617 3586 670 3629 res
700 3587 720 3629 a
742 3586 794 3629 me
818 3568 928 3650 gestas
952 3585 1023 3628 esse
1047 3565 1254 3650 susceptum?

145 3648 183 3689 ³1
204 3640 337 3703 Omnes
354 3650 519 3715 scelerati
536 3659 642 3738 atque
662 3654 768 3742 impii,
788 3675 932 3739 quorum
947 3657 988 3717 tu
1003 3658 1039 3717 te
1057 3653 1172 3718 ducem
1187 3675 1258 3715 esse
