2950 4150
521 317 597 373 cAP.
618 322 660 384 rc,
680 322 721 372 ro.
759 322 907 383 soa-oo.
1155 319 1219 383 155

213 477 288 543 nilis
312 477 389 562 quid
412 477 476 542 sibi
497 478 587 562 velit,
608 499 674 543 non
696 478 867 565 intelleg03
893 483 1004 564 potest
1026 479 1112 544 enim
1135 479 1219 562 quic·

214 588 311 649 quam
330 586 400 630 esse
420 566 589 631 absurdius
613 588 720 652 quam,
742 588 806 651 quo
824 567 897 632 viae
918 568 1025 632 minus
1047 571 1158 651 restet,
1181 588 1218 632 co

212 655 286 738 plus
310 653 419 719 viatici
444 654 619 738 quaerere?

279 739 402 817 Quarta
428 745 532 807 restat
559 763 669 827 causa,
699 764 780 826 quae
808 743 948 807 maxime
975 764 1094 828 angere
1122 747 1219 827 atque
1231 743 1270 808 19

185 829 388 895 osollicitam
410 830 530 895 habere
552 834 699 896 nostram
722 834 862 895 aetatem
885 831 1026 915 videtur,
1049 830 1219 916 adpropin-

213 920 323 1001 quatio
347 918 471 1002 mortis,
494 940 576 1003 quae
599 922 685 984 certe
708 940 728 984 a
752 922 915 984 senectute
937 939 1003 984 non
1020 922 1130 1003 potest
1149 940 1219 984 esse

213 1006 318 1092 longo.
355 1005 382 1071 0
401 1007 556 1071 miserum
575 1027 693 1091 senem,
717 1007 772 1090 qui
790 1011 930 1071 mortem
953 1007 1220 1072 contemnendam

212 1090 340 1159 esse'in
362 1098 431 1160 tam
454 1096 554 1180 longa
577 1097 684 1159 aetate
706 1115 773 1158 non
789 1094 921 1160 viderit!
945 1116 1026 1179 quae
1048 1098 1104 1160 aut
1122 1096 1219 1180 plane

211 1183 414 1268 neglegenda
428 1186 487 1267 est,
505 1182 534 1246 si
548 1183 678 1247 omnino
694 1182 856 1268 extinguit
874 1183 1026 1267 animum,
1045 1187 1102 1248 aut
1121 1183 1219 1248 etiam

173 1287 198 1327 ιο
213 1270 365 1354 optanda,
389 1270 417 1334 si
440 1271 549 1352 aliquo
573 1291 646 1334 oum
669 1269 806 1354 deducit,
828 1270 885 1334 ubi
909 1270 952 1334 sit
969 1270 1098 1336 futurus
1118 1276 1219 1337 aeter·

212 1379 287 1439 nus3
320 1357 411 1440 atqui
437 1358 572 1421 tertium
598 1360 684 1422 certe
711 1357 794 1422 nihil
821 1357 959 1422 inveniri
987 1362 1110 1443 potest3
1143 1359 1220 1443 quid
1238 1375 1271 1425 or

212 1444 315 1530 igitur
346 1445 495 1528 timeam,
527 1444 556 1508 si
588 1448 645 1510 aut
674 1466 741 1509 non
768 1445 866 1510 miser
892 1449 969 1530 post
996 1450 1135 1511 mortem
1163 1450 1220 1512 aut

213 1533 328 1597 beatus
353 1532 451 1597 etiam
473 1532 602 1613 futurus
626 1533 719 1598 sum?
757 1530 959 1618 Quamquam
982 1535 1054 1619 quis
1078 1539 1129 1599 est
1150 1538 1220 1600 tam

214 1620 343 1705 stultus,
366 1620 513 1705 quamvis
537 1621 581 1685 sit
604 1620 800 1706 adulescens,
822 1621 874 1688 cui
897 1621 941 1686 sit
963 1623 1167 1707 exploratum
1185 1644 1219 1688 se

174 1724 199 1765 1⁶
214 1708 255 1773 ad
281 1730 452 1793 vesperum
478 1729 548 1773 esso
576 1709 760 1775 victurum?
805 1707 889 1785 Quin
916 1710 1015 1774 etiam
1044 1714 1134 1775 aetas
1161 1710 1220 1776 illa

214 1796 317 1862 multo
336 1797 445 1882 plures
465 1818 563 1881 quam
580 1802 695 1862 nostra
713 1818 806 1863 casus
825 1798 939 1862 mortis
958 1797 1072 1882 habet,
1091 1797 1220 1863 facilius

213 1885 247 1948 in
273 1885 404 1950 morbos
431 1884 577 1950 incidunt
607 1884 841 1970 adulescentes,
874 1886 1005 1970 gravius
1038 1890 1221 1971 aegrotant,

212 1972 339 2038 tristius
359 1975 520 2037 curantur.
551 1971 666 2056 Itaque
684 1973 780 2057 pauci
796 1973 930 2039 veniunt
948 1973 989 2038 ad
1008 1978 1221 2058 senectutem,

215 2060 299 2144 quod
328 2061 363 2126 ni
379 2061 437 2126 <ita
464 2060 635 2144 accideret,
667 2061 783 2127 melius
815 2064 848 2127 et
878 2061 1067 2147 prudentius
1099 2062 1219 2128 vivere

174 2165 200 2206 ¹0
214 2153 276 2214 tur.
312 2149 409 2226 Meus¹
427 2149 513 2214 enim
536 2149 676 2213 stratio
700 2153 733 2214 et
756 2150 926 2215 consilium
948 2151 983 2214 in
1006 2151 1136 2216 senibus
1156 2156 1220 2235 est3

215 2236 269 2320 qui
293 2237 320 2302 si
343 2237 425 2302 nulli
447 2237 593 2320 fuissent,
615 2238 724 2302 nullae
748 2238 878 2302 omnino
902 2238 1050 2303 civitates
1072 2238 1219 2304 fuissent.

215 2323 276 2389 Sed
298 2326 393 2391 redeo
422 2325 462 2390 ad
489 2328 628 2390 mortem
654 2324 890 2409 inpendentem.
935 2323 1027 2400 Quod
1055 2329 1105 2390 est
1131 2327 1219 2391 istud

215 2413 335 2478 crimen
358 2413 541 2498 senectutis,
565 2434 638 2478 cum
658 2412 691 2477 id
710 2413 740 2477 ei
758 2412 894 2477 videatis
913 2434 986 2477 cum
1004 2413 1220 2493 adulescentia

215 2522 285 2565 esse
303 2501 497 2566 commune?
542 2498 636 2565 Sensi
658 2522 719 2586 ego
742 2501 777 2565 in
800 2500 924 2585 optimo
947 2501 1030 2579 filio,
1052 2505 1090 2565 tu
1112 2501 1147 2572 in
1169 2525 1220 2567 ex·
1238 2517 1271 2568 oc

174 2602 201 2643 ¹⁶
214 2589 353 2671 pectatis
377 2589 417 2654 ad
431 2589 675 2673 amplissimam
699 2589 892 2675 dignitatem
913 2587 1080 2673 fratribus,
1103 2587 1220 2676 Scipio,

215 2680 353 2742 mortem
376 2677 465 2741 omni
488 2677 589 2741 aetati
611 2698 681 2741 esse
704 2698 915 2743 communem.
951 2676 998 2741 At
1017 2683 1127 2762 sperat
1145 2680 1220 2744 adu-

216 2764 338 2829 lescens
362 2764 416 2829 diu
439 2786 473 2829 se
491 2764 660 2849 victurum,
684 2765 769 2849 quod
788 2787 917 2849 sperare
935 2765 1021 2830 idem
1040 2787 1136 2831 senex
1154 2790 1220 2832 non

215 2856 333 2936 potest.
372 2850 566 2937 Insipienter
588 2857 707 2938 sperat.
748 2851 832 2928 Quid
855 2854 941 2918 enim
966 2854 1098 2918 stultius
1122 2877 1218 2938 quam

215 2940 339 3004 incerta
360 2962 419 3024 pro
443 2941 538 3006 certis
561 2941 690 3026 habero,
712 2940 798 3007 falsa
819 2963 879 3026 pro
902 2940 1009 3006 veris?
1054 2941 1100 3006 At
1123 2965 1220 3007 senex

174 3043 254 3092 wne
286 3026 372 3111 quod
403 3032 511 3112 speret
543 3029 671 3113 quidem
701 3030 810 3094 habet.
859 3027 905 3093 At
934 3033 985 3093 est
1016 3052 1053 3095 eo
1086 3031 1219 3095 meliore

214 3116 399 3181 condicione
419 3138 515 3199 quam
535 3117 730 3202 adulescens,
753 3116 899 3202 quodid,
923 3118 1008 3200 quod
1025 3118 1081 3183 ille
1100 3121 1219 3202 sperat,

213 3204 266 3269 hic
289 3208 479 3269 consecutus
502 3208 565 3289 est3
587 3205 644 3269 ille
667 3207 738 3271 vult
761 3205 815 3269 diu
837 3204 955 3289 vivere,
977 3206 1029 3271 hic
1053 3205 1107 3270 diu
1129 3205 1218 3269 vixit.

214 3290 429 3376 Quamquam,
461 3314 480 3357 o
509 3291 541 3355 di
568 3292 657 3357 boni!
691 3293 769 3376 quid
795 3296 845 3357 est
872 3293 907 3356 in
934 3293 1075 3358 hominis
1102 3296 1220 3357 natura
1237 3306 1271 3356 oe

170 3401 173 3408 ·
214 3378 290 3443 diu?
335 3379 387 3444 Da
410 3380 495 3443 enim
519 3401 680 3444 summum
703 3385 841 3464 tempus,
864 3385 1068 3465 expectemus
1092 3379 1219 3445 Tartes-

174 3482 200 3524 ⁸⁵
215 3466 335 3531 siorum
359 3467 445 3553 regis
473 3470 614 3531 aetatem
642 3465 719 3552 (fuit
747 3468 846 3552 enim,
873 3471 911 3532 ut
937 3468 1094 3552 scriptum
1117 3468 1219 3552 rideO,

214 3553 461 3640 Arganthonius
489 3555 619 3637 quidam
642 3554 800 3638 Gadibus,
829 3555 884 3638 qui
911 3556 1079 3640 octoginta
1105 3578 1218 3642 regna-

213 3642 262 3705 vit
299 3663 414 3721 annos,
450 3646 579 3707 centum
615 3644 732 3727 viginti
768 3640 866 3722 vixit)
900 3678 942 3690 ·-
975 3642 1030 3706 sed
1066 3644 1148 3709 mihi
1178 3666 1221 3707 ne

630 3927 741 3947 ,Q
