2950 4150
266 288 328 351 154
501 285 593 340 CATO
611 285 730 340 MAIOR
748 284 797 340 DE
816 285 1026 340 sensorum

263 453 297 514 et
314 448 399 534 apud
416 470 476 514 nos
496 452 529 512 et
547 447 581 512 in
601 446 674 512 aliis
698 447 895 531 civitatibus,
917 450 955 512 ut
978 469 1059 531 quae
1082 469 1122 512 ue
1145 448 1268 531 optime

262 541 390 603 morata
404 541 463 621 est,
480 536 528 601 ita
545 534 794 621 diligentissime
812 469 1267 620 observanturliaysandrum

262 624 564 708 Lacedaemonium,
593 623 682 689 cuius
710 623 806 689 modo
833 623 895 690 feci
922 623 1133 708 mentionem,
1164 623 1268 689 dicere

263 714 354 779 aiunt
382 713 514 778 solitum
536 710 809 777 Lacedaemonem
833 733 903 776 esse
927 711 1192 777 honestissimum
1215 711 1268 776 do·

263 800 420 867 micilium
447 799 635 884 senectutis;
662 822 822 884 nusquam
850 800 935 864 enim
962 803 1090 864 tantum
1112 799 1268 865 tribuitur
1295 817 1309 859 s

264 889 375 974 aetati,
396 909 556 973 nusquam
579 891 630 952 est
653 892 800 954 senectus
822 887 1022 953 honoratior.
1062 885 1268 963 Quinetiam

262 978 437 1043 memoriae
460 975 624 1061 proditum
647 980 706 1061 cst,
728 998 802 1042 cum
820 975 959 1040 Athenis
983 975 1066 1040 ludis
1086 975 1216 1059 quidam
1234 977 1270 1040 in

262 1067 428 1131 theatrum
443 1064 575 1150 grandis
590 1067 670 1129 natu
683 1065 835 1147 venisset,
853 1086 972 1149 magno
991 1085 1143 1130 consessu
1161 1065 1268 1128 locum

262 1174 422 1238 nusquam
441 1152 471 1217 ei
489 1152 600 1217 datum
619 1174 639 1216 a
657 1152 723 1217 suis
743 1151 880 1236 civibus,
898 1174 970 1216 cum
990 1155 1098 1217 autem
1116 1151 1158 1217 ad
1173 1152 1269 1218 Lace·

264 1240 450 1306 daemonias
473 1240 670 1324 accessisset,
693 1240 749 1324 qui
771 1240 874 1325 legati
892 1261 965 1306 cum
983 1243 1101 1323 essent,
1122 1244 1211 1306 certo
1234 1240 1269 1304 in
1283 1260 1308 1300 ιο

263 1331 335 1396 loco
358 1328 577 1412 consederant,
600 1327 838 1394 consurrexisse
862 1349 972 1393 omnes
996 1328 1046 1393 illi
1065 1328 1214 1394 dicuntur
1236 1333 1270 1393 et

212 1435 246 1483 cs
264 1439 373 1483 senem
396 1438 519 1482 sessum
549 1417 715 1501 recepisse.
762 1414 885 1491 Quibus
912 1438 1028 1482 cuma
1055 1421 1170 1482 cuncto
1197 1438 1270 1482 con·

264 1526 355 1570 sessu
386 1506 519 1589 plausus
552 1507 638 1568 esset
669 1503 840 1587 multiplex
872 1503 980 1586 datus,
1013 1504 1131 1569 dixisse
1163 1526 1201 1570 ex
1228 1505 1268 1568 iis

264 1592 423 1677 quendam
441 1590 655 1656 Athenienses
676 1591 767 1672 sciro,
790 1611 872 1674 quae
893 1595 983 1655 recta
1005 1595 1122 1675 essent,
1146 1591 1202 1656 sed
1223 1592 1269 1657 fa·

264 1701 334 1746 cere
361 1680 494 1758 nolles
502 1678 607 1743 Multa
633 1678 669 1742 in
695 1681 803 1744 vestro
835 1678 974 1764 collegio
1002 1682 1181 1763 praeclara,
1214 1679 1270 1743 sed
1284 1700 1310 1740 15

263 1769 334 1852 hoc,
352 1768 391 1833 de
409 1789 473 1852 quo
492 1766 629 1853 agimus,
646 1766 822 1851 inprimis,
841 1766 935 1851 quod,
953 1770 991 1831 ut
1009 1767 1144 1850 quisque
1163 1770 1269 1832 aetate

265 1856 433 1940 antecedit,
447 1856 495 1920 ita
509 1854 688 1920 sententiae
701 1854 919 1939 principatum
932 1857 1031 1939 tenet,
1044 1876 1149 1939 neque
1163 1856 1269 1920 solum

263 1944 386 2010 honore
410 1943 681 2026 antecedentibus,
704 1942 760 2008 sed
778 1942 818 2006 iis
838 1943 946 2027 etiam,
969 1943 1116 2027 quicum
1133 1943 1269 2028 imperio

265 2035 350 2116 sunt,
372 2031 511 2096 maiores
534 2035 614 2096 natu
637 2051 776 2117 augures
797 2034 1045 2117 anteponuntur.
1081 2029 1170 2108 Quae
1193 2035 1270 2097 sunt

264 2121 366 2207 igitur
392 2120 578 2204 voluptates
610 2119 756 2203 eorporis
784 2141 857 2184 cum
884 2120 1089 2186 auctoritatis
1116 2120 1269 2205 praemiis
1283 2139 1310 2180 ao

264 2207 521 2294 comparandae?
552 2207 667 2292 quibus
691 2207 747 2291 qui
770 2208 935 2292 splendide
958 2209 1009 2274 usi
1031 2211 1120 2293 sunt,
1142 2209 1166 2272 ii
1189 2209 1270 2273 mihi

264 2297 414 2363 videntur
436 2295 581 2361 fabulam
609 2296 727 2360 aetatis
755 2296 919 2382 peregisse
944 2317 1004 2361 nec
1030 2300 1197 2380 tamquam
1223 2297 1269 2361 in-

171 2390 225 2464 ’χ
265 2385 433 2465 exercitati
454 2384 629 2449 histriones
651 2384 687 2448 in
710 2387 854 2448 extremo
878 2387 952 2449 actu
975 2384 1142 2449 corruisse.

214 2489 246 2540 ab
305 2457 378 2569 ὦ
404 2476 480 2537 sunt
506 2472 627 2537 morosi
655 2475 688 2536 et
715 2471 803 2537 anxii
830 2475 863 2536 et
890 2472 1046 2537 iracundi·
1062 2476 1095 2537 et
1122 2471 1269 2538 difficiles

266 2582 365 2626 sones.
411 2558 446 2625 Si
472 2561 669 2643 quaerimus,
697 2559 796 2623 etiam
823 2558 926 2643 avari3
954 2560 1010 2625 sed
1035 2560 1116 2629 haec
1142 2565 1270 2626 morum
1283 2580 1309 2621 rs

265 2648 345 2713 vitia
364 2651 448 2731 sunt,
471 2669 537 2712 non
555 2646 738 2712 senectutis.
774 2646 823 2712 Ac
845 2647 1019 2713 morositas
1042 2653 1153 2713 tamen
1175 2654 1209 2714 et
1231 2671 1270 2714 ea

264 2736 354 2819 vitia,
378 2756 459 2820 quae
483 2735 556 2820 dixi,
578 2735 701 2800 habent
723 2734 846 2820 aliquid
864 2736 1079 2802 excusationis
1096 2758 1163 2802 non
1179 2736 1268 2801 illius

152 2892 154 2895 Α
266 2824 395 2908 quidem
417 2823 531 2907 iustae,
554 2823 610 2888 sed
634 2844 715 2908 quae
738 2824 872 2908 probari
894 2845 989 2909 posse
1011 2824 1173 2909 videatur,
1197 2847 1269 2891 con-

266 2912 367 2978 temni
390 2932 424 2976 se
446 2915 577 2996 putant,
605 2910 737 2995 despici,
765 2910 881 2995 inludi3
909 2916 1077 2996 praeterea
1102 2912 1137 2977 in
1158 2911 1270 2999 fragili

265 3020 399 3085 corpore
418 2999 530 3065 odiosa
548 2999 652 3064 omnis
671 2998 806 3064 offensio
829 3003 888 3064 est
924 2998 1012 3076 Quae
1030 3005 1141 3066 tamen
1161 3000 1269 3065 omnia
1283 3018 1309 3060 aa

266 3088 409 3154 dulciora
430 3087 513 3152 finnt
536 3091 569 3152 et
591 3086 735 3152 moribus
758 3086 852 3151 bonis
871 3090 904 3153 et
923 3089 1056 3173 artibus,
1079 3089 1174 3171 idque
1197 3110 1270 3153 cum

265 3178 300 3241 in
321 3176 399 3261 vita,
421 3180 492 3240 tum
510 3176 544 3241 in
563 3197 678 3241 scaena
695 3174 844 3260 intellegi
862 3178 971 3260 potest
989 3198 1028 3241 ex
1046 3176 1086 3241 iis
1104 3175 1270 3260 fratribus,

267 3264 322 3349 qui
348 3264 383 3329 in
410 3263 568 3348 Adelphis
597 3267 680 3329 sunt.
725 3260 854 3338 Quanta
880 3264 914 3327 in
942 3264 1045 3329 altero
1077 3263 1205 3347 diritas,
1235 3264 1270 3329 in

266 3355 369 3418 altero
393 3352 542 3418 comitas!
579 3347 632 3416 Sic
655 3371 689 3416 se
711 3372 764 3416 ras
786 3351 899 3417 habet:
922 3356 959 3416 ut
982 3351 1067 3416 enim
1088 3373 1155 3416 non
1176 3373 1270 3417 omne
1294 3389 1299 3396 ·

265 3440 385 3524 vinum,
408 3440 454 3506 sic
476 3459 542 3504 non
564 3438 669 3504 omnis
691 3444 810 3505 natura
831 3442 994 3505 vetustate
1016 3439 1181 3505 coacescit.
1218 3438 1310 3507 Sese

269 3528 436 3594 renatam
467 3527 503 3591 in
534 3529 697 3593 senectute
729 3528 846 3614 probo,
878 3548 912 3593 se
965 3549 1050 3613 eam,
1082 3527 1164 3594 sicut
1197 3530 1271 3614 alia,

207 3632 247 3675 aa
260 3615 437 3697 modicam,
460 3615 672 3681 acerbitatem
695 3616 786 3682 nullo
809 3615 914 3681 modo.
955 3616 1104 3682 Avaritia
1125 3638 1202 3683 vero
1225 3639 1272 3683 se·
