2950 4150
597 279 644 344 111,
664 278 710 332 lv.
748 285 895 344 saa-er.
1175 278 1240 341 205

231 462 316 524 qnae
343 440 458 523 cuique
485 445 618 524 peccato
645 462 749 525 poena
777 441 833 523 sit,
863 441 919 505 sed
947 445 1102 524 quantum
1125 440 1239 523 cuique

230 529 340 611 liceat,
362 532 511 612 spectare
530 529 696 611 debemus,
720 529 870 613 quicquid
889 550 953 593 non
975 534 1112 613 oportet,
1135 529 1240 593 scelus

230 637 313 700 csse,
328 617 480 700 quiequid
494 639 561 681 non
575 618 660 698 licet,
673 617 764 682 nefas
778 625 893 702 putare
906 617 1065 682 debemus.
1089 617 1240 681 Etiamne

230 705 267 770 in
294 705 438 769 minimis
469 706 589 770 rebus?
634 705 758 789 Etiam,
789 706 947 790 siquidem
975 727 1081 770 rernm
1110 708 1239 771 modurn

201 793 333 879 efigere
355 815 421 858 non
443 815 625 877 possumus,
649 795 829 859 animorum
854 795 983 859 modum
1001 798 1111 860 tenere
1130 816 1240 879 possu-

231 903 313 946 mus.
358 881 486 946 Histrio
518 883 547 946 si
579 883 712 968 paulum
745 904 779 947 se
813 885 914 949 movit
942 889 1033 948 extra
1062 905 1240 965 numerum,
1258 901 1292 951 tt

231 975 290 1035 ant
321 971 351 1034 ei
377 991 491 1035 versus
524 973 753 1056 pronuntiatus
787 976 840 1036 est
867 972 994 1055 syllaba
1022 993 1085 1036 una
1113 972 1240 1036 brevior

231 1063 290 1124 ant
312 1059 455 1145 longior,
478 1059 682 1144 exsibilatur,
710 1060 906 1144 exploditur,
933 1062 967 1124 in
991 1061 1130 1143 vitatu,
1158 1081 1240 1143 quae

231 1147 321 1213 omni
345 1151 441 1233 gestu
463 1148 669 1230 moderatior,
692 1149 780 1213 omni
804 1170 898 1213 versu
922 1150 1030 1234 aptior
1047 1169 1117 1213 esse
1137 1149 1240 1231 debet,

191 1234 267 1300 roin
293 1237 423 1319 syllaba
450 1240 484 1300 te
511 1258 660 1321 peccasse
688 1237 796 1301 dices?
841 1237 976 1302 Podtam
999 1259 1064 1301 non
1088 1238 1183 1302 audio
1207 1238 1239 1301 in

229 1324 341 1410 nugis3
364 1324 398 1388 in
420 1324 507 1388 vitae
530 1326 685 1389 societate
709 1325 838 1389 audiam
856 1326 958 1390 civem
977 1325 1089 1410 digitis
1108 1331 1239 1410 peccata

230 1411 453 1477 dimetientem
477 1413 557 1476 sua?
603 1410 638 1477 Si
660 1413 718 1496 vis,
743 1435 819 1478 sane
843 1415 909 1477 sint
932 1414 1093 1497 breviora,
1117 1415 1239 1478 leviora

230 1502 288 1585 qui
314 1506 452 1586 possunt
480 1501 603 1565 videri?
634 1523 720 1585 enm,
749 1503 899 1586 quicquid
926 1506 1089 1588 peccetur,
1116 1507 1239 1587 pertur-

229 1589 364 1654 batione
395 1595 546 1674 peccetur
577 1591 712 1655 rationis
746 1596 843 1675 atque
878 1592 1013 1674 ordinis,
1048 1592 1239 1676 perturbata

191 1695 216 1737 n
229 1681 340 1744 antem
364 1679 464 1743 semel
487 1679 614 1743 ratione
636 1683 669 1743 et
692 1680 803 1744 ordine
826 1680 908 1744 nihil
931 1680 1037 1764 possit
1059 1680 1146 1763 addi,
1175 1702 1239 1764 quo

230 1767 338 1852 magis
360 1768 486 1850 peccari
510 1789 605 1852 posse
628 1767 783 1831 videatur.

544 2049 850 2117 PARADOXON
874 2049 930 2116 lV.

311 2151 381 2219 “On
403 2157 468 2231 πᾶς
490 2152 609 2239 ἄφρων
631 2160 791 2239 μαίνεται.

296 2296 369 2383 ligo
388 2319 464 2361 vero
483 2301 517 2361 te
535 2320 600 2362 non
619 2299 766 2381 stultum,
789 2303 826 2361 ut
844 2319 948 2382 saepe,
971 2319 1037 2363 non
1055 2299 1237 2383 inprobum,
1257 2283 1290 2404 {7

189 2405 217 2444 ao
233 2396 268 2450 ut
290 2407 431 2469 semper,
455 2386 510 2451 sed
534 2387 715 2450 dementem
739 2438 746 2450 .
768 2438 774 2451 .
800 2438 806 2449 .
831 2437 837 2449 .

231 2611 265 2627 ..
285 2614 291 2625 .
311 2614 319 2626 .
341 2562 438 2626 rebus
462 2562 503 2626 ad
526 2563 647 2628 victum
665 2563 855 2628 necessariis
874 2584 944 2627 esse
962 2562 1101 2627 invictus
1120 2569 1237 2649 potest.

230 2648 394 2735 Sapientis
408 2651 534 2715 animus
549 2652 771 2736 magnitudine
785 2652 920 2735 consilii,
941 2652 1117 2716 tolerantia
1131 2676 1236 2718 rerum

229 2739 454 2822 humanarum,
472 2741 711 2825 contemptione
730 2740 889 2823 fortunae,
908 2741 1083 2805 virtutibus
1102 2742 1238 2824 denique

189 2828 380 2893 nomnibus
399 2832 436 2891 ut
455 2829 622 2893 moenibus
636 2833 769 2914 saeptus
783 2830 929 2894 vincetur
943 2835 976 2893 et
990 2831 1236 2915 expugnabitur,

229 2917 286 3000 qui
311 2938 353 2980 ne
381 2915 513 2981 civitate
537 2918 665 3001 quidem
689 2919 768 3003 pelli
791 2918 921 3003 potest?
967 2916 1055 2992 Quae
1078 2924 1128 2983 est
1151 2920 1234 2983 enim

229 3004 368 3069 civitas?
410 3006 556 3069 omnisne
579 3013 756 3071 conventus
780 3007 877 3071 etiem
902 3006 1043 3072 ferorum
1067 3012 1100 3072 et
1124 3008 1236 3071 imma·

228 3091 341 3157 nium?
369 3094 515 3158 omnisne
543 3095 642 3158 etiam
669 3095 882 3181 fugitivorum
911 3117 949 3160 ac
977 3097 1140 3160 latronum
1163 3118 1235 3160 con·

230 3184 367 3267 gregata
393 3203 493 3246 unum
520 3184 554 3245 in
584 3184 690 3247 locum
724 3183 922 3248 multitudo?
967 3183 1063 3250 Certe
1090 3184 1235 3269 negabis.

189 3287 215 3327 ιο
228 3268 304 3334 Non
335 3268 438 3355 igitur
469 3274 540 3336 erat
567 3271 626 3335 illa
657 3276 726 3336 tum
760 3273 888 3353 civitas,
920 3295 993 3337 enm
1021 3274 1109 3357 leges
1137 3272 1171 3335 in
1199 3295 1237 3337 ea

228 3357 310 3422 nihil
333 3358 496 3442 valebant,
518 3381 591 3424 cnm
610 3360 727 3425 iudicia
747 3361 905 3437 iacebant,
928 3383 999 3425 cum
1018 3382 1089 3424 mos
1108 3361 1235 3444 patrius

229 3445 398 3528 occiderat,
413 3469 485 3511 cum
498 3447 585 3512 ferro
597 3449 700 3531 pulsis
717 3449 965 3535 magistratibus
977 3452 1108 3513 senatus
1118 3471 1236 3514 nomen

226 3534 261 3598 in
283 3556 319 3599 re
341 3535 473 3619 publiea
494 3558 559 3600 non
582 3540 668 3620 erat3
705 3539 902 3620 praedonum
927 3537 984 3601 ille
1007 3558 1179 3602 concursus
1203 3542 1236 3603 et

226 3625 260 3687 te
285 3622 366 3689 duce
391 3624 600 3691 latrocinium
626 3624 663 3690 in
687 3624 761 3693 loro
787 3625 1005 3692 coustitutum
1023 3630 1061 3689 et
1078 3626 1237 3706 relimico
