2950 4150
518 316 594 373 cAP.
613 322 658 386 es,
675 323 718 372 ss.
755 322 903 384 eso-es.
1140 315 1203 381 161

201 479 371 546 convenire
394 499 482 561 eveo,
505 499 586 562 quos
608 479 678 562 ipse
701 479 848 564 cognovi,
871 477 927 542 sed
943 478 1020 543 illos
1039 477 1147 560 etiem,
1165 477 1205 541 de

139 589 145 600 ··
201 567 318 651 quibus
341 565 450 631 audivi
471 569 505 630 et
527 565 594 652 legi
617 567 742 651 etipse
764 566 949 650 conscripsi.
986 563 1056 641 Quo
1076 565 1205 650 quidem

202 676 254 719 me
276 654 533 739 proficiscentem
554 654 641 720 haud
660 676 737 719 sane
757 655 829 738 quis
846 653 942 719 facile
959 654 1131 718 retraxerit
1146 675 1205 718 nec

201 747 368 826 tamquam
390 742 515 807 Peliam
537 743 704 808 recoxerit.
735 741 781 809 Et
804 742 832 807 si
855 743 927 826 quis
946 742 1023 806 deus
1041 740 1122 805 mihi
1140 743 1204 806 lar·

175 831 327 916 emetur,
347 835 386 895 ut
407 852 447 896 ex
467 830 530 896 hec
552 834 658 896 aetate
681 852 905 916 repuerascam
927 833 961 895 et
982 829 1017 894 in
1039 830 1129 895 cunis
1151 852 1205 895 va·

202 920 304 1006 giam,
335 919 430 984 valde
457 939 601 984 recusem
627 940 687 984 nec
712 941 789 985 vero
816 919 915 986 velim
946 917 1040 1002 quasi
1071 918 1204 983 decurso

202 1008 309 1093 spatio
332 1007 374 1072 ad
391 1028 534 1072 carceres
553 1029 574 1071 a
591 1008 678 1072 calce
696 1008 850 1072 revocari
895 1005 978 1082 Quid
996 1006 1097 1070 habet
1119 1006 1205 1071 enim
1223 1013 1261 1062 et

204 1096 273 1160 rita
296 1094 477 1160 commodi?
506 1095 582 1179 quid
604 1116 671 1160 non
692 1095 801 1180 potius
824 1094 969 1160 laboris?
1001 1092 1064 1159 Sed
1085 1094 1205 1159 habeat

203 1206 292 1268 sane,
323 1184 424 1249 hebet
446 1186 532 1249 certe
559 1186 669 1248 tamen
692 1187 750 1247 aut
779 1183 965 1247 sotietatem
987 1186 1044 1247 aut
1065 1183 1205 1248 modum.

164 1299 190 1340 ro
202 1271 278 1337 Non
300 1272 392 1336 lubet
415 1271 501 1336 enim
523 1270 604 1335 mihi
626 1271 795 1355 deplorare
813 1271 924 1354 vitam,
947 1271 1033 1354 quod
1050 1272 1155 1355 multi,
1173 1274 1206 1336 et

202 1360 227 1425 ii
253 1361 353 1442 docti,
385 1380 480 1442 saepe
508 1358 665 1443 fecerunt,
696 1379 800 1442 neque
826 1380 878 1423 me
905 1358 1025 1422 vixisse
1052 1359 1206 1442 paenitet,

203 1449 355 1532 quoniam
377 1448 426 1511 ita
445 1446 520 1530 vixi,
542 1450 580 1511 ut
598 1468 664 1511 non
676 1445 800 1511 frustra
813 1468 865 1511 me
878 1449 993 1511 netum
1006 1446 1206 1530 existumem,

204 1541 238 1602 et
260 1558 298 1601 ex
321 1536 391 1601 vita
412 1535 461 1600 ita
483 1534 610 1600 discedo
628 1538 796 1618 tamquam
814 1557 853 1600 ex
872 1534 1024 1620 hospitio,
1046 1556 1112 1600 non
1125 1538 1207 1600 tam·

166 1621 169 1626 ’
203 1646 300 1709 qnam
323 1646 340 1688 e
362 1625 467 1689 domo.
497 1620 726 1689 Oommorendi
744 1624 830 1688 enim
848 1627 966 1689 natura
985 1622 1207 1690 devorsorium

165 1713 307 1797 tenebis,
328 1735 395 1778 non
416 1711 586 1777 habitandi
609 1711 705 1777 dedit.
741 1710 769 1776 0
791 1713 995 1796 praeclarum
1017 1711 1111 1795 diem,
1134 1733 1205 1776 cum

204 1801 240 1866 in
260 1801 342 1865 illud
365 1799 510 1866 divinum
533 1799 715 1864 animorum
738 1800 910 1865 concilium
928 1802 1117 1882 coetumque
1135 1821 1207 1884 pro

204 1889 329 1955 ficiscar
351 1910 487 1973 cumque
511 1910 550 1953 ex
571 1887 633 1952 hac
655 1889 753 1953 turba
770 1892 803 1952 et
823 1887 1013 1952 conluvione
1031 1887 1206 1952 discedam!

204 1976 392 2044 Proficiscar
420 1977 505 2042 enim
526 1997 593 2041 non
616 1975 656 2040 ad
679 1997 734 2041 eos
763 1975 869 2040 solum
895 1975 996 2059 viros,
1024 1975 1063 2040 de
1091 1976 1206 2059 quibus

206 2069 280 2131 ente
302 2066 376 2151 dixi,
398 2088 511 2131 verum
534 2064 633 2129 etiam
654 2064 695 2130 ed
713 2061 870 2131 Catonem
889 2086 1005 2149 meum,
1029 2087 1092 2149 quo
1110 2087 1205 2130 nemo

167 2180 194 2217 ro
206 2154 257 2219 vir
272 2155 386 2221 melior
407 2157 584 2237 natusest,
605 2175 700 2217 nemo
719 2154 841 2237 pietate
863 2153 1096 2238 praestantior3
1118 2154 1206 2219 cuius

205 2241 856 2396 inihilllslhll‘lilllhqull
879 2241 1134 2393 {tltlltl
1160 2242 1207 2393 ll

205 2424 354 2504 spectans
377 2382 473 2483 idea
493 2417 640 2503 profecto
663 2419 735 2483 loca
759 2417 922 2501 discessit,
950 2438 1013 2500 quo
1036 2380 1117 2481 lnihi
1144 2416 1208 2501 ipsi

206 2506 359 2571 cernebat
386 2526 456 2569 esse
483 2506 683 2571 veniendum.
728 2504 830 2581 Quem
865 2526 926 2591 ego
958 2526 1065 2570 meum
1096 2527 1207 2570 casum

166 2619 192 2659 ss
205 2594 336 2658 fortiter
357 2592 442 2657 ferre
459 2593 549 2657 visus
568 2615 648 2678 sum,
669 2616 735 2659 non
749 2615 812 2677 quo
832 2615 934 2678 aequo
954 2593 1061 2657 animo
1079 2593 1208 2678 ferrem,

206 2681 263 2746 sed
286 2702 338 2745 me
359 2680 430 2763 ipse
452 2681 645 2747 consolabar
673 2682 871 2747 existumans
898 2703 965 2747 non
992 2682 1207 2766 longinquum

206 2770 291 2834 inter
327 2788 387 2832 nos
427 2767 608 2851 digressum
641 2773 674 2833 et
704 2770 880 2836 discessum
912 2769 990 2835 fore.
1034 2769 1096 2835 His
1127 2771 1261 2835 mihies

207 2858 313 2939 rebus,
336 2853 452 2940 Scipio,
475 2852 521 2939 (id
544 2855 630 2919 enim
651 2860 685 2922 te
705 2880 778 2923 cum
796 2858 907 2921 Laelio
931 2857 1085 2922 admirari
1103 2859 1207 2923 solere

208 2942 332 3030 dixisti)
355 2942 436 3008 levis
459 2947 509 3007 est
529 2948 685 3030 senectus,
702 2968 762 3013 nec
780 2947 885 3010 solum
903 2967 969 3011 non
986 2947 1134 3030 moleste,
1153 2946 1206 3010 sed

167 3033 307 3099 scotiam
329 3030 476 3096 iucunda.
512 3028 634 3106 Quodsi
659 3033 694 3097 in
720 3034 782 3099 hoc
809 3054 894 3117 erro,
923 3034 978 3117 qui
1000 3034 1125 3099 animos
1152 3033 1209 3097 ho

207 3122 332 3186 minum
362 3119 551 3184 inmortales
587 3141 657 3185 esse
692 3123 834 3205 credam,
870 3122 1010 3186 libenter
1046 3142 1117 3186 erro
1149 3142 1207 3185 nec

207 3209 288 3275 mihi
309 3209 395 3273 hunc
413 3230 563 3291 errorem,
582 3231 645 3292 quo
664 3209 814 3293 delector,
833 3209 909 3273 dum
922 3210 1007 3294 vivo,
1025 3211 1209 3291 extorqueri

206 3298 297 3381 volo;
320 3297 370 3362 sin
393 3300 555 3380 mortuus,
577 3301 614 3360 ut
637 3297 768 3380 quidam
790 3298 908 3362 minuti
929 3296 1117 3383 philosophi
1139 3316 1208 3360 cen·

208 3390 289 3470 sent,
310 3384 393 3450 nihil
417 3384 564 3468 sentiam,
581 3406 646 3449 non
659 3407 781 3470 vereor,
794 3408 835 3449 ne
848 3386 934 3451 hunc
948 3407 1088 3450 errorem
1102 3405 1209 3447 meum

168 3498 194 3540 os
208 3473 396 3558 philosophi
423 3473 544 3539 mortui
575 3472 739 3538 irrideant.
785 3472 907 3548 Quodsi
928 3496 994 3539 non
1022 3492 1132 3536 sumus
1163 3471 1209 3534 in·

207 3562 362 3626 mortales
384 3561 499 3646 futuri,
526 3565 637 3625 tumen
663 3561 809 3647 extingui
831 3560 956 3625 homini
978 3582 1036 3624 suo
1064 3564 1210 3642 tempore

207 3650 353 3733 optabile
385 3654 443 3714 est.
488 3648 575 3715 Nem
598 3650 697 3715 habet
714 3653 833 3713 nature
849 3650 886 3711 ut
909 3650 1048 3713 aliarum
1066 3645 1219 3711 omnium

259 3762 366 3803 01an
380 3762 398 3803 s.
982 3755 1025 3802 m
