2950 4150
170 386 171 389 Ἴ
266 323 353 390 196
410 321 563 376 LAELIUS
581 321 630 374 DE
648 321 822 377 AMICITIA.
856 321 932 377 CAP.
952 327 994 378 2⁷.
1027 328 1120 388 5104.

151 514 155 527 ¹
259 483 379 558 studiis
408 483 511 548 dieam
542 484 756 568 cognoscendi
784 504 910 567 semper
938 483 1060 566 aliquid
1095 488 1192 568 atque
1224 483 1269 548 di·

171 588 176 615 *
260 570 393 638 'soendii
420 572 593 666 inquibus
616 572 733 636 remoti
757 571 798 636 ab
822 573 923 637 oeulis
944 572 1057 656 populi
1075 593 1170 637 omne
1188 573 1268 637 otio-

263 681 335 726 sum
357 665 486 744 tempus
509 660 730 725 contrivimus.
775 658 918 735 Quarum
946 681 1053 724 rerum
1087 661 1268 725 recordatio

263 753 297 815 et
328 749 484 813 memoria
517 749 544 812 si
575 771 640 813 una
669 770 742 813 oum
774 748 832 813 illo
861 749 1043 832 occidisset,
1076 749 1269 814 desiderium

263 837 518 903 coniunctissimi
537 841 634 920 atque
653 837 869 902 amantissimi
886 836 948 901 viri
968 836 1053 901 ferre
1066 838 1158 903 nullo
1172 838 1268 904 modo
1297 856 1309 893 ⁵

264 947 400 1011 possem.
433 923 496 989 Sed
518 947 575 989 neo
598 925 657 989 illa
680 926 823 990 extincta
845 929 922 989 sunt
945 926 1141 1010 alunturque
1159 926 1268 1011 potius

264 1019 296 1078 et
319 1018 479 1099 augentur
502 1013 699 1098 cogitatione
723 1017 756 1078 et
779 1013 936 1079 memoria
963 1036 1048 1097 mea,
1075 1019 1122 1099 et,
1150 1016 1179 1079 si
1201 1015 1268 1078 illis

263 1103 358 1186 plane
391 1103 524 1166 orbatus
558 1123 674 1185 essem,
712 1123 866 1188 magnum
903 1107 1014 1168 tamen
1050 1103 1156 1169 adfert
1187 1104 1267 1167 mihi

263 1194 352 1255 aetas
375 1191 447 1275 ipsa
470 1191 634 1254 solacium.
671 1190 802 1255 Diutius
831 1191 915 1255 enim
942 1191 1008 1255 iam
1036 1192 1070 1254 in
1097 1192 1159 1256 hoe
1188 1192 1268 1256 desi·

263 1279 350 1343 derio
375 1299 532 1344 essenon
554 1300 695 1364 possum.
741 1277 858 1344 Omnia
885 1283 994 1344 autem
1016 1281 1129 1345 brevia
1151 1281 1309 1346 tolera-1⁰

263 1367 342 1433 bilia
365 1389 434 1432 osse
458 1367 584 1451 debent,
607 1367 735 1432 etiamsi
759 1389 877 1453 magna
901 1371 985 1433 sunt.

328 1455 417 1521 Haeo
439 1456 539 1520 habui
562 1455 600 1520 de
624 1456 768 1521 amicitia
791 1479 872 1540 quae
891 1457 1039 1522 dicerem.
1070 1454 1138 1521 Vos
1157 1460 1267 1521 autem

262 1545 384 1628 hortor,
407 1546 444 1607 ut
462 1544 509 1607 ita
531 1543 687 1609 virtutem
711 1545 832 1626 locetis,
856 1545 923 1609 sine
947 1566 1012 1628 qua
1035 1545 1179 1609 amicitie
1197 1566 1267 1609 esse

262 1653 327 1697 non
349 1636 467 1716 potest,
489 1636 526 1697 ut
549 1653 587 1697 ea
610 1637 743 1717 excepta
765 1632 847 1696 nihil
871 1633 1014 1697 amicitia
1037 1633 1268 1716 praestabilius

261 1721 392 1805 putetis.
1282 1737 1307 1780 ιε
