2950 4150
545 317 621 372 cAP.
641 323 667 385 s,
686 323 710 373 ι.
749 324 896 382 ιιι-ιι.
1164 317 1226 383 139

216 501 288 546 cum
312 482 420 544 aetate
442 478 668 564 processisset,
696 478 752 562 qui
775 478 937 543 Aristides
960 482 1060 563 esset,
1082 476 1226 561 Lysima-

216 567 312 633 chum
333 568 476 632 salutare
495 567 651 632 solitum?
687 565 847 651 Equidem
864 588 932 631 non
949 566 1046 632 modo
1065 588 1120 631 eos
1138 567 1225 650 novi,

216 656 272 741 qui
295 658 380 738 sunt,
403 655 460 720 sed
482 676 593 721 eorum
616 659 726 740 patres
750 655 850 720 etiam
873 659 906 720 et
929 677 1017 738 avos,
1039 675 1098 719 nec
1121 654 1225 738 sepul-

216 767 271 809 cra
294 745 405 829 legens
428 765 551 828 vereor,
575 743 660 828 quod
683 746 784 825 aiunt,
806 765 847 808 ne
868 744 1058 809 memoriam
1077 742 1225 827 perdam3

189 833 268 898 shis
296 831 381 896 enim
408 831 488 917 ipsis
516 832 661 918 legendis
688 832 724 895 in
750 833 941 896 memoriam
963 831 1058 896 redeo
1082 835 1224 896 mortuo·

216 943 296 986 rum
331 918 400 984 Nec
418 941 496 985 vero
516 942 711 1005 quemquam
729 941 840 985 senem
858 919 967 985 audivi
988 919 1137 1003 oblitum,
1160 940 1224 1003 quo

215 1010 287 1075 loco
310 1009 500 1074 thesaurum
523 1008 699 1092 obruisset3
722 1008 841 1092 omnia,
864 1030 946 1092 quae
967 1012 1092 1090 curant,
1114 1007 1224 1072 memi-

213 1101 341 1182 nerumt,
357 1096 544 1163 vadimonia
557 1097 746 1182 constituta,
759 1097 832 1182 quis
843 1097 916 1180 sibi,
930 1097 981 1161 cui
994 1097 1058 1181 ipsi
1076 1095 1223 1160 debeant.

215 1184 325 1262 Quid?
352 1185 432 1250 iuris
451 1185 601 1268 consulti,
624 1185 723 1268 quid?
746 1184 931 1270 pontifices,
953 1185 1052 1269 quid?
1076 1205 1223 1268 augures,
1242 1203 1276 1252 aa

176 1300 202 1340 ιο
216 1273 513 1359 quidlphilosophi
523 1295 615 1338 senes
630 1295 727 1356 quam
737 1275 843 1338 multa
852 1273 1080 1339 meminerunt!
1089 1273 1224 1338 Manent

214 1361 347 1447 ingenia
365 1360 506 1445 senibus,
523 1361 620 1425 modo
639 1366 829 1446 permaneat
848 1360 990 1425 studium
1009 1364 1042 1425 et
1055 1361 1224 1445 industria,

214 1470 319 1534 neque
347 1471 385 1515 ea
411 1449 518 1514 solum
544 1447 584 1532 in,
606 1448 702 1513 claris
731 1453 765 1514 et
790 1449 960 1514 honoratis
988 1449 1081 1531 viris,
1112 1449 1168 1513 sed
1190 1448 1225 1512 iu

214 1539 284 1604 vita
306 1537 406 1603 etiam
428 1537 559 1623 privata
581 1541 615 1601 et
637 1529 776 1622 quietal
797 1535 975 1622 Sophocles
999 1537 1040 1602 ad
1063 1558 1223 1601 summam

216 1630 414 1692 senectutem
446 1625 632 1712 tragoedias
667 1626 760 1710 fecit3
797 1625 883 1710 quod
914 1629 1049 1711 propter
1081 1625 1223 1690 studium

177 1738 201 1782 u
215 1737 288 1781 cum
315 1737 384 1780 rem
411 1715 586 1801 neglegere
612 1714 809 1780 familiarem
835 1714 1012 1795 videretur,
1039 1737 1059 1778 a
1085 1713 1162 1777 filiis
1189 1714 1224 1778 in

214 1803 368 1868 iudicium
398 1806 533 1868 vocatus
566 1805 629 1885 est,
661 1807 713 1886 ut,
745 1824 841 1886 quem
874 1802 915 1866 ad
946 1801 1078 1866 modum
1109 1805 1223 1866 nostro

216 1914 305 1958 more
332 1892 417 1956 male
444 1913 513 1956 rem
546 1890 733 1977 gerentibus
765 1891 915 1974 patribus
947 1890 1043 1955 bonis
1074 1889 1224 1954 interdici

216 1981 309 2062 solet,
332 1980 378 2044 sic
400 1979 492 2045 illum
516 1979 609 2064 quasi
628 1978 840 2066 desipientem
858 2002 878 2043 a
896 2000 931 2043 re
948 1978 1103 2043 familiari
1121 1999 1223 2043 remo

189 2099 190 2102 ¹
215 2071 329 2134 vorent
345 2067 476 2135 iudices.
507 2067 590 2134 Tum
609 2090 706 2133 senex
725 2067 842 2133 dicitur
860 2089 931 2133 eam
949 2066 1105 2151 fabulam,
1126 2090 1223 2152 quam

175 2183 202 2223 so
215 2159 250 2223 in
273 2156 422 2222 manibus
445 2157 588 2222 habebat
615 2162 648 2221 et
675 2158 821 2241 proxime
850 2157 1038 2242 scripserat,
1065 2156 1222 2242 Oedipum

215 2245 402 2323 Coloneum,
424 2245 578 2311 recitasse
600 2245 759 2311 iudicibus
781 2245 1017 2329 quaesisseque,
1039 2267 1118 2310 num
1140 2245 1223 2309 illud

215 2356 345 2400 carmen
368 2333 557 2419 desipientis
580 2334 752 2398 videretur.
797 2332 867 2409 Quo
890 2333 1026 2398 recitato
1052 2333 1223 2397 sententiis

214 2422 356 2488 iudicum
379 2426 430 2487 est
452 2422 629 2511 liberatus]
653 2420 743 2487 Num
765 2421 867 2507 igitur
888 2421 983 2503 hunc,
1005 2443 1083 2486 num
1105 2420 1224 2485 Home
1241 2437 1275 2488 se

176 2534 301 2664 {lt
323 2507 1223 2684 illllllrdll⁰ffllfiss⁰sll⁸lllmfr1l.ullf

215 2648 655 2773 principes,'Pythagorairr,
677 2648 914 2770 Demociitum,
942 2709 1020 2751 num
1043 2686 1223 2771 Platonem,

215 2797 293 2841 num
324 2774 542 2859 Xenocraten,
572 2797 651 2840 num
681 2779 797 2860 postea
824 2774 998 2858 Zenonem,
1030 2772 1221 2840 Cleanthem

216 2867 274 2928 aut
297 2885 382 2947 eum,
413 2884 510 2948 quem
531 2884 590 2929 ros
613 2863 711 2928 etiam
734 2862 861 2927 vidistis
884 2862 1020 2946 Romae,
1043 2862 1222 2950 Diogenem

217 2950 370 3035 Stoicum,
391 2950 499 3037 coligit
521 2951 556 3016 in
578 2951 644 3017 suis
669 2951 785 3015 studiis
809 2951 1030 3016 obmutescere
1053 2950 1222 3016 senectus?

176 3064 203 3104 so
217 3062 259 3104 an
285 3039 320 3104 in
348 3040 498 3105 omnibus
525 3039 577 3104 his
600 3040 782 3105 studiorum
805 3039 943 3124 agitatio
966 3039 1052 3104 vitee
1077 3037 1222 3121 aequalis

215 3128 300 3193 fuit?
345 3126 431 3213 Age,
453 3133 491 3193 ut
513 3128 578 3193 ista
601 3128 709 3192 divina
732 3125 840 3192 studia
863 3127 1066 3209 omittamus,
1089 3147 1222 3210 possum
1242 3141 1276 3190 24

215 3216 382 3281 nominare
409 3238 449 3281 cx
477 3238 556 3302 agro
584 3213 704 3281 Sabino
732 3215 872 3280 rusticos
894 3216 1072 3297 Romanos,
1099 3212 1222 3277 vicinos

216 3308 249 3369 et
270 3304 449 3371 familiares
472 3326 576 3388 meos,
603 3305 720 3388 quibus
744 3303 933 3367 absentibus
956 3322 1133 3384 numquam
1155 3299 1223 3366 fere

215 3393 284 3457 ulla
310 3392 345 3457 in
372 3413 452 3478 agro
479 3394 604 3458 maiora
632 3414 730 3477 opera
756 3391 853 3474 fiunt,
881 3412 947 3454 non
975 3387 1131 3469 serendis,
1158 3409 1224 3453 non

175 3503 202 3545 es
215 3480 443 3567 percipiendis,
464 3503 532 3547 non
554 3479 726 3546 condendis
749 3478 920 3544 fructibus.
965 3476 1167 3556 Quamquam
1188 3476 1224 3542 in

216 3567 288 3633 aliis
312 3569 419 3633 miuus
437 3569 500 3634 hoc
520 3567 638 3632 mirum
657 3589 693 3632 es
712 3592 720 3652 3
743 3587 839 3631 nemo
858 3565 944 3629 enim
962 3567 1013 3629 est
1030 3566 1100 3625 tam
1119 3582 1224 3648 senex,

213 3656 326 3740 quise
356 3678 475 3721 anuum
505 3678 572 3721 nou
598 3659 693 3742 putet
720 3675 818 3740 posse
843 3652 975 3729 cicera,
996 3649 1063 3711 sed
1079 3647 1182 3707 ‘xum
1194 3653 1248 3706 'xxx
