2950 4150
561 302 637 356 cAP.
656 309 770 357 22—24.
804 309 951 368 sss-so.
1176 304 1235 367 191
1332 303 1334 308 ’

228 466 297 530 tino
322 465 483 548 Archyta,
510 467 548 529 ut
576 465 709 549 opinor,
737 465 799 531 dici
828 465 961 531 solitum
987 469 1117 530 nostros
1146 486 1237 531 senes

228 574 482 621 commemorare
512 552 620 617 audivi
652 554 694 618 ab
731 553 805 618 aliis
838 554 969 619 senibus
1002 554 1160 618 auditum:
1193 553 1238 618 ‘si

229 642 314 728 quis
337 640 377 706 in
399 641 546 707 caelum
570 641 813 706 ascendisset
835 646 1091 727 naturamque
1109 641 1238 707 mundi

229 735 267 796 et
299 729 631 815 pulchritudinem
663 730 832 795 siderum
868 731 1147 817 perspexisset,
1182 731 1237 795 in·

202 837 384 884 ssuavem
406 817 519 882 illam
542 817 839 884 admirationem
867 819 902 884 ei
928 819 1026 903 forc;
1057 841 1153 904 quae
1180 821 1237 884 iu-

231 905 464 974 cundissima
490 905 646 989 fuisset,
678 907 711 971 si
744 907 926 992 aliquem,
957 909 1016 973 cui
1043 911 1237 990 narraret,

230 993 453 1060 habuisset'
491 992 543 1060 Sic
565 999 684 1060 natura
698 996 881 1061 solitarium
893 996 974 1060 nihil
990 1000 1079 1061 amat
1098 1018 1236 1081 semper·

230 1105 291 1169 que
315 1083 356 1149 ud
374 1082 507 1166 aliquod
525 1087 693 1168 tamquam
713 1084 943 1150 adminiculum
962 1085 1133 1169 adnititur3
1152 1084 1236 1169 quod

228 1174 264 1238 in
286 1171 482 1237 amicissimo
507 1193 634 1256 quoque
658 1172 879 1238 dulcissimum
904 1177 962 1237 est.

189 1279 215 1320 ro
296 1258 359 1325 Sed
381 1282 454 1326 oum
481 1263 533 1325 tot
560 1260 662 1345 signis
691 1261 803 1325 eadem
829 1265 947 1325 natura
974 1261 1128 1340 declaret,
1160 1260 1289 1344 quid24

229 1348 319 1432 velit,
341 1348 502 1432 anquirat,
525 1347 697 1433 desideret,
720 1353 832 1414 temen
853 1348 1110 1414 obsurdescimus
1128 1350 1236 1414 nescio

230 1459 294 1523 quo
317 1437 412 1502 modo
434 1458 492 1502 nec
511 1459 557 1520 ea,
577 1458 659 1520 quae
678 1439 719 1503 ab
735 1459 773 1503 ea
787 1459 964 1521 monemur,
987 1437 1144 1502 audimus.
1175 1436 1238 1501 Est

230 1525 316 1591 enim
338 1526 448 1590 varius
477 1529 509 1589 et
536 1526 708 1611 multiplex
735 1549 813 1592 usus
841 1526 1019 1611 amicitiae,
1051 1527 1236 1610 multaeque

230 1635 346 1680 causae
369 1613 589 1698 suspicionum
612 1615 889 1700 offensionumque
913 1615 1040 1700 dantur,
1062 1636 1143 1700 quas
1165 1619 1236 1679 tum

191 1718 216 1759 ¹⁵
230 1703 366 1786 evitare,
397 1706 467 1767 tum
499 1703 639 1787 elevare,
670 1708 741 1769 tum
772 1703 857 1768 ferre
889 1703 1046 1788 sapientis
1079 1707 1142 1787 est3
1173 1724 1238 1767 una

230 1791 290 1856 ille
312 1790 511 1861 sublevanda
533 1791 667 1856 offensio
692 1796 751 1876 ost,
774 1796 812 1856 ut
835 1794 867 1856 et
890 1792 1016 1856 utilitas
1035 1792 1069 1855 in
1093 1790 1238 1855 amicitie

231 1884 264 1944 et
286 1879 364 1944 fides
387 1879 577 1943 retineatur:
600 1901 676 1944 nam
700 1884 733 1944 ct
756 1879 907 1945 monendi
930 1879 1025 1945 amici
1046 1901 1142 1964 saepe
1161 1883 1237 1943 sunt

231 1972 265 2032 et
287 1967 489 2052 obiurgandi,
512 1972 545 2032 et
565 1969 645 2033 haec
663 1968 849 2052 accipienda
868 1968 978 2052 amice,
997 1991 1069 2034 cum
1088 1968 1237 2033 benivole

231 2057 321 2122 fiunt.
366 2054 429 2121 Sed
451 2057 559 2122 nescio
583 2079 646 2141 quo
670 2057 766 2123 modo
789 2080 901 2123 verum
925 2061 984 2142 est,
1007 2058 1093 2142 quod
1115 2058 1149 2123 in
1172 2057 1236 2122 An·
1255 2071 1289 2122 89

191 2162 217 2202 ²0
232 2146 302 2211 dria
324 2144 496 2211 familiaris
519 2166 609 2210 meus
633 2145 724 2211 dicit:

276 2232 509 2318 Obse‘quium
532 2234 689 2318 amicos,
711 2235 860 2299 veritas
885 2234 1011 2299 odidm
1034 2235 1147 2318 parit.

231 2323 371 2387 Molesta
393 2323 523 2405 veritas,
546 2322 704 2407 siquidem
728 2344 767 2387 ex
790 2345 829 2387 ea
846 2323 990 2387 nascitur
1009 2321 1127 2403 odium,
1151 2321 1236 2405 quod

232 2416 281 2476 est
298 2433 457 2475 venenum
472 2410 642 2495 amicitiae,
661 2410 716 2475 sed
735 2410 925 2493 obsequium
940 2409 1044 2474 multo
1058 2409 1237 2493 molestius,

232 2499 317 2583 quod
330 2499 471 2584 peccatis
485 2498 656 2585 indulgens
671 2499 881 2584 praecipitem
896 2498 1035 2562 amioum
1053 2497 1132 2562 ferri
1146 2498 1237 2579 sinit3

191 2602 217 2643 ³⁶
232 2610 383 2653 maxuma
406 2591 514 2653 autem
538 2588 633 2672 culpa
654 2589 689 2652 in
712 2609 766 2671 eo,
794 2587 849 2671 qui
877 2591 909 2651 et
931 2587 1102 2652 veritatem
1130 2608 1237 2671 asper-

231 2680 328 2740 natur
351 2680 384 2739 et
406 2677 439 2740 in
462 2675 608 2740 fraudem
631 2676 786 2760 obsequio
809 2675 986 2759 inpellitur.
1021 2674 1117 2739 Omni
1134 2675 1237 2761 igitur

231 2764 293 2827 hac
315 2764 350 2826 in
372 2785 406 2828 re
429 2763 579 2828 habenda
601 2764 685 2828 ratio
710 2768 743 2828 et
766 2764 936 2851 diligentia
959 2768 1017 2847 est,
1039 2764 1181 2849 primum
1199 2768 1236 2828 ut
1303 2813 1308 2822 .

233 2850 368 2915 monitio
402 2851 591 2935 acerbitate,
624 2851 736 2917 deinde
764 2856 801 2918 ut
828 2852 1012 2938 obiurgatio
1041 2852 1237 2918 contumelia

232 2942 355 3021 careat3
376 2939 411 3003 in
435 2939 588 3023 obsequio
611 2945 734 3025 autem,
757 2941 908 3025 quoniam
924 2940 1118 3006 Terentiano
1136 2941 1236 3006 verbo

193 3045 218 3083 ³0
233 3027 383 3091 lubenter
405 3027 540 3111 utimur,
568 3029 703 3094 comitas
728 3030 828 3114 adsit,
856 3030 1051 3113 adsentatio,
1082 3030 1237 3095 vitiorum

232 3116 381 3199 adiutrix,
404 3115 516 3200 procul
536 3122 733 3202 amoveatur,
752 3140 833 3202 quae
850 3140 917 3183 non
934 3118 1030 3184 modo
1049 3119 1162 3200 amico,
1181 3117 1236 3181 sed

231 3228 271 3268 ne
294 3206 395 3269 libero
420 3202 549 3288 quidem
573 3205 671 3291 digna
694 3211 757 3291 est3
780 3208 876 3273 aliter
894 3206 980 3272 enim
999 3230 1072 3273 cum
1090 3211 1237 3291 tyranno,

231 3294 326 3357 aliter
349 3317 421 3360 oum
445 3293 548 3359 amico
571 3295 700 3360 vivitur.
746 3294 845 3362 (laius
868 3300 976 3361 autem
996 3317 1089 3361 aures
1108 3295 1236 3360 clausae
1255 3309 1289 3359 eo

231 3382 363 3447 veritati
381 3386 467 3466 sunt,
490 3386 527 3447 ut
545 3384 586 3447 ab
606 3384 708 3448 amico
723 3406 836 3449 rerum
851 3385 961 3449 audire
974 3387 1123 3469 nequeat,
1140 3383 1236 3447 huius

194 3484 217 3524 ³⁶
233 3472 319 3535 salus
343 3471 543 3556 desperanda
567 3476 625 3537 est.
663 3470 787 3539 Scitum
810 3477 860 3537 est
883 3473 968 3537 enim
991 3472 1072 3537 illud
1093 3469 1237 3555 Catonis,

231 3563 268 3623 ut
291 3560 408 3624 multa:
432 3560 587 3625 ‘melius
611 3561 653 3625 de
678 3562 906 3645 quibusdam
930 3562 1088 3626 acerbos
1111 3560 1237 3624 inimi-

231 3668 294 3712 cos
323 3649 465 3713 mereri
498 3670 615 3734 quam
643 3672 707 3716 eos
740 3650 899 3733 amicos,
930 3650 997 3732 qni
1021 3649 1154 3713 dulces
1183 3648 1236 3710 ri·
