2950 4150
242 320 305 385 178
539 320 693 376 LAELIUS
711 320 761 374 DE
779 321 944 376 AMICITIA

189 501 221 549 45
241 483 269 547 si
292 503 344 547 res
367 483 558 569 postulabit,
580 487 613 548 et
632 483 797 548 adhibitae
815 487 977 567 pareatur.
1013 482 1099 549 Nam
1118 485 1248 569 quibus·

241 571 327 655 dam,
357 592 437 655 quos
466 572 560 637 audio
589 572 751 656 sapientes
779 571 910 636 habitos
937 572 971 636 in
1000 571 1149 653 Graecia,
1180 574 1247 658 pla-

241 661 344 725 cuisse
368 659 483 744 opinor
505 660 669 725 mirabilia
692 659 849 744 quaedam
872 660 943 742 (sed
965 660 1047 725 nihil
1071 666 1134 747 est,
1162 662 1248 747 quod

239 749 290 812 illi
312 769 376 812 non
399 752 635 834 persequantur
658 747 825 834 argutiis):
848 749 968 833 partim
987 749 1157 836 fugiendas
1177 772 1247 815 esse

239 836 356 901 nimias
381 837 549 920 amicitias,
571 858 612 902 ne
634 858 766 902 necesse
789 837 833 901 sit
855 858 954 902 unum
977 839 1152 904 sollicitum
1177 861 1247 904 esse
1275 857 1287 897 ε

240 946 299 1010 pro
322 925 483 1010 pluribus3
511 925 591 990 satis
615 947 775 1009 superque
798 947 868 990 osse
892 926 954 990 sibi
978 947 1109 992 suarum
1133 928 1247 1011 cuique

239 1035 361 1098 rerum,
389 1014 502 1078 alienis
529 1013 626 1079 nimis
654 1014 816 1099 implicari
844 1015 1019 1080 molestum
1047 1036 1130 1100 esse3
1163 1038 1247 1082 oom-

241 1101 462 1167 modissimum
495 1123 565 1166 esse
598 1125 695 1187 quarn
726 1103 910 1167 laxissimas
947 1103 1090 1168 habenas
1126 1104 1247 1169 habere

241 1190 414 1273 amicitiae,
438 1211 517 1274 quas
540 1191 593 1255 vel
617 1191 770 1274 adducas,
793 1213 865 1256 cum
888 1191 982 1273 velis,
1010 1193 1061 1257 vel
1084 1195 1248 1277 remittas3

240 1282 337 1364 caput
360 1278 445 1342 enim
468 1300 538 1343 esse
562 1279 603 1344 ad
626 1281 720 1345 beate
742 1280 914 1345 vivendum
938 1281 1159 1365 securitatem,
1184 1304 1247 1366 qua
1263 1300 1287 1338 1⁰

239 1367 303 1432 frui
330 1389 396 1432 non
423 1367 528 1452 possit
556 1368 696 1451 animus,
724 1368 753 1432 si
780 1373 947 1453 tamquam
975 1371 1138 1455 parturiat
1165 1393 1247 1434 unus

188 1473 220 1522 46
240 1478 299 1541 pro
322 1456 479 1541 pluribus.
524 1455 617 1520 Alios
642 1460 750 1521 autem
775 1456 878 1521 dicere
902 1458 993 1522 aiunt
1020 1459 1124 1522 multo
1148 1460 1248 1523 etiam

240 1545 445 1609 inhumanius
483 1540 592 1628 (quem
624 1545 730 1609 locum
763 1544 905 1608 breviter
940 1545 1038 1628 paulo
1072 1550 1146 1610 ante
1178 1569 1248 1629 per·

241 1631 371 1718 strinxi)
394 1631 546 1717 praesidii
569 1631 809 1715 adiumentique
831 1653 943 1713 causa,
970 1653 1035 1696 non
1063 1632 1247 1698 benivolen-

240 1722 306 1787 tiae
323 1743 426 1804 nequa
450 1721 596 1786 caritatis
620 1720 781 1786 amicitias
804 1741 874 1784 esse
897 1718 1105 1804 expetendas3
1127 1721 1287 1805 itaque,1⁵

240 1810 435 1894 utquisque
462 1810 631 1875 minimum
658 1808 824 1873 firmitatis
852 1808 987 1872 haberet
1013 1808 1246 1892 minimumque

240 1900 371 1981 virium,
401 1899 449 1962 ita
477 1899 637 1964 amicitias
665 1898 816 1983 adpetere
844 1897 997 1980 maxim03
1028 1918 1066 1961 ex
1098 1918 1135 1962 eo
1168 1897 1247 1975 fieri,

240 1991 278 2051 ut
299 1987 506 2052 mulierculae
529 1987 634 2072 magis
658 1987 874 2052 amicitiarum
900 1985 1062 2071 praesidia
1090 1988 1247 2070 quaerant

241 2099 337 2162 quam
355 2076 419 2142 riri
437 2080 469 2140 et
487 2077 599 2159 inopes
619 2098 716 2159 quam
734 2076 879 2163 opulenti
898 2079 931 2140 et
949 2075 1132 2141 calamitosi
1150 2097 1247 2160 quam

189 2182 221 2230 rr
240 2165 273 2248 ii,
287 2166 342 2249 qui
356 2168 510 2250 putentur
524 2163 620 2228 beati.
648 2163 675 2229 0
689 2165 890 2249 praeclaram
904 2164 1109 2249 sapientiam!
1139 2162 1246 2230 Solem
1261 2181 1288 2221 ¹⁰

240 2254 326 2319 enim
349 2276 366 2318 e
389 2253 508 2319 mundo
531 2254 647 2317 tollere
669 2253 832 2330 videntur,
861 2253 916 2336 qui
939 2253 1114 2318 amicitiam
1138 2254 1248 2318 evita

240 2344 370 2425 tollunt,
393 2364 457 2426 qua
479 2342 560 2407 nihil
585 2364 604 2407 a
627 2341 675 2405 dis
699 2341 928 2407 inmortalibus
946 2341 1062 2405 melius
1081 2342 1247 2422 habemus,

240 2431 322 2495 nihil
341 2430 518 2495 iucundius.
555 2428 643 2505 Quae
662 2433 712 2494 est
730 2431 816 2496 enim
833 2430 898 2493 ista
917 2429 1097 2495 securitas?
1134 2427 1246 2513 Specie

242 2519 370 2604 quidem
397 2519 530 2598 blanda,
563 2518 618 2583 sed
646 2539 760 2603 reapse
787 2518 900 2582 multis
928 2517 1008 2583 locis
1041 2518 1246 2603 repudianda

241 2607 353 2692 Neque
382 2608 466 2672 enirn
494 2610 544 2672 est
571 2611 820 2672 consentaneum
846 2607 949 2671 ullam
976 2606 1148 2671 honestam
1177 2629 1246 2672 rem
1260 2624 1287 2664 2⁵

242 2697 455 2780 actionemve,
482 2717 523 2760 ne
551 2694 710 2760 sollicitus
740 2695 797 2778 sis,
825 2697 975 2759 autnon
1001 2697 1162 2780 suscipere
1190 2699 1246 2759 aut

242 2788 425 2869 susceptam
453 2783 619 2869 deponere.
664 2781 785 2857 Quodsi
814 2805 924 2848 curam
952 2782 1110 2869 fugimus,
1141 2783 1246 2848 virtus

241 2872 395 2960 fugienda
421 2876 484 2955 est,
512 2894 593 2956 quae
620 2892 750 2936 necesse
778 2876 828 2936 est
855 2893 927 2937 cum
955 2871 1064 2955 aliqua
1091 2894 1168 2937 cura
1194 2893 1246 2936 res

243 2964 305 3028 sibi
338 2961 517 3026 contrarias
549 2964 739 3044 aspernetur
771 2963 868 3044 atque
901 2960 1018 3041 oderit,
1049 2964 1086 3025 ut
1117 2960 1246 3025 bonitas

243 3051 411 3132 malitiam,
434 3048 650 3134 temperantia
672 3048 863 3131 lubidInem,
885 3049 1051 3134 ignaviam
1073 3047 1247 3129 fortitud03
1261 3064 1287 3104 ω

242 3142 352 3225 ltaque
374 3137 484 3202 videas
507 3138 602 3202 rebus
625 3137 754 3201 iniustis
777 3137 880 3201 iustos
903 3138 1042 3201 maxime
1061 3136 1179 3217 dolere,
1201 3135 1246 3198 in·

242 3229 382 3294 bellibus
409 3226 527 3309 fortes,
553 3225 725 3311 flagitiosis
753 3226 926 3290 modestos.
971 3225 1060 3311 Ergo
1088 3224 1148 3287 hoc
1173 3244 1246 3306 pro·

242 3319 349 3403 prium
368 3319 418 3381 est
436 3313 535 3380 animi
553 3315 634 3379 bene
653 3314 832 3397 constituti,
853 3319 886 3378 et
904 3313 1019 3379 laetari
1038 3311 1131 3375 bonis
1150 3310 1247 3375 rebus

190 3423 223 3472 48
243 3410 277 3471 et
299 3406 408 3471 dolere
433 3403 612 3469 contrariis.
658 3401 762 3478 Quam
789 3403 831 3468 ob
859 3425 940 3485 rem,
968 3402 996 3465 si
1023 3400 1109 3465 cadit
1136 3400 1171 3464 in
1199 3421 1247 3464 sa·

241 3496 384 3581 pientem
408 3492 506 3558 animi
530 3491 635 3569 dolor,
659 3493 714 3576 qui
736 3491 882 3577 profecto
906 3489 1007 3572 cadit,
1029 3489 1093 3553 nisi
1117 3510 1155 3553 ex
1179 3489 1246 3554 eius
1261 3506 1288 3547 as

242 3584 350 3648 animo
369 3582 564 3666 extirpatam
577 3580 814 3646 humanitatem
831 3579 1036 3663 arbitramur,
1055 3600 1136 3663 quae
1151 3600 1248 3643 causa

223 3673 285 3746 est,
305 3691 369 3733 cur
385 3670 568 3735 anrr'citr‘am
587 3668 734 3735 funditus
753 3670 907 3735 tollamus
927 3691 944 3733 e
962 3669 1039 3748 viba,
1061 3689 1102 3732 ne
1121 3667 1247 3752 aliquas
