2950 4150
253 290 313 355 152
486 289 578 345 CATO
597 290 714 345 MAIOR
731 291 780 344 DE
799 290 1009 346 SENEGTUTE

247 451 341 536 lacte,
364 472 467 536 caseo,
489 453 595 517 melle.
634 451 704 516 Iam
727 451 859 516 hortum
882 452 945 538 ipsi
968 453 1128 538 agricolae
1151 452 1246 517 succi·

248 539 333 604 diam
358 539 493 604 alteram
517 540 691 625 appellant.
727 538 917 606 Conditiora
937 540 1016 606 facit
1039 541 1117 628 haec
1140 560 1246 625 super-

195 643 228 695 er
247 627 395 694 vacaneis
419 630 517 693 etiam
540 628 646 713 operis
670 628 840 713 aucupium
864 633 960 712 atque
982 628 1120 694 venatio.
1164 626 1246 703 Quid

248 715 287 781 de
318 719 486 800 pratorum
517 715 681 782 viriditate
713 721 770 781 aut
806 718 958 782 arborum
994 716 1157 782 ordinibus
1190 719 1246 781 aut

248 805 413 869 vinearum
445 804 677 869 olivetorumve
714 804 818 889 specie
855 807 950 890 plura
986 805 1111 870 dicam?
1155 804 1246 869 brevi
1273 820 1285 860 ⁵

247 891 441 976 praecidam:
467 892 555 976 Agro
578 893 659 957 bene
681 893 768 958 culto
786 893 868 957 nihil
886 897 995 978 potest
1016 914 1085 958 esse
1107 913 1164 956 nec
1186 914 1247 957 usu
1346 923 1348 929 v

247 979 377 1045 uberius
388 1001 447 1045 nec
456 981 561 1065 specie
571 981 730 1065 ornatius;
744 981 784 1046 ad
795 1003 889 1065 quem
898 981 1068 1046 fruendum
1076 1002 1140 1045 non
1151 980 1245 1045 modo

247 1090 312 1134 non
325 1068 478 1152 retardat,
496 1069 724 1134 verumetiam
735 1069 855 1135 invitat
873 1074 970 1154 atque
984 1070 1124 1135 adlectat
1142 1089 1247 1133 senec-

247 1162 310 1221 tus.
332 1155 398 1221 Ubi
413 1157 497 1220 enim
510 1160 620 1242 potest
633 1157 692 1222 illa
706 1161 796 1223 aetas
811 1162 868 1223 aut
881 1158 1038 1224 calescere
1056 1159 1107 1221 vel
1126 1156 1246 1241 aprica·

248 1244 336 1309 tione
367 1245 482 1310 melius
513 1247 565 1310 vel
596 1246 667 1332 igni
698 1250 756 1310 aut
786 1247 929 1312 vicissim
959 1245 1082 1311 umbris
1114 1245 1246 1330 aquisve
1261 1262 1287 1302 1⁰

196 1349 229 1400 58
249 1331 433 1418 refrigerari
456 1333 639 1399 salubrius?
680 1331 750 1398 Sibi
771 1335 914 1400 habeant
935 1335 1037 1421 igitur
1058 1355 1162 1418 arma,
1185 1333 1247 1398 sibi

248 1442 361 1505 equos,
388 1420 452 1486 sibi
473 1422 599 1505 hastas,
627 1422 689 1487 sibi
716 1423 842 1487 clavam
869 1427 902 1487 et
928 1423 1042 1507 pilam,
1069 1422 1132 1486 sibi
1158 1425 1247 1487 nata·

248 1508 353 1573 tiones
376 1513 472 1592 atque
495 1531 617 1594 cursus,
638 1509 732 1574 nobis
756 1511 886 1574 senibus
909 1531 947 1573 ex
969 1509 1149 1575 lusionibus
1167 1511 1248 1573 mul-

248 1597 292 1661 tis
310 1597 396 1661 talos
414 1596 599 1680 relinquant
622 1601 655 1661 et
672 1601 821 1680 tesseras,
846 1597 879 1660 id
901 1596 1006 1680 ipsum
1029 1601 1138 1662 utrum
1160 1599 1248 1661 lube·

196 1665 238 1793 g
248 1685 307 1769 bit,
326 1684 476 1768 quoniam
491 1684 612 1749 sinaiis
626 1686 806 1749 beataesse
821 1689 967 1750 senectus
979 1688 1096 1770 potest.
1125 1684 1246 1750 Multas
1262 1702 1287 1742 1⁵

249 1772 363 1838 adres
385 1773 538 1858 perutiles
561 1772 785 1857 Xenophontis
814 1772 890 1837 libri
917 1776 1005 1857 sunt3
1032 1794 1112 1857 quos
1139 1773 1248 1859 legite,

249 1882 377 1944 quaeso,
401 1861 552 1945 studiose,
573 1865 611 1925 ut
632 1861 748 1927 facitis.
784 1858 888 1936 Quam
910 1861 1037 1946 copiose
1060 1862 1157 1926 abeo
1177 1861 1248 1947 agri

249 1950 377 2014 cultura
406 1949 557 2013 laudatur
586 1949 621 2013 in
653 1970 690 2014 eo
718 1950 816 2033 libro,
849 1949 904 2033 qui
931 1954 980 2014 est
1003 1949 1041 2014 de
1068 1950 1187 2015 tuenda
1214 1971 1248 2014 re

248 2035 417 2120 familiari,
441 2037 495 2121 qui
518 2035 747 2102 Oeconomicus
769 2037 969 2103 inscribitur!
1014 2037 1121 2123 Atque
1144 2043 1181 2104 ut
1203 2039 1248 2103 in·

249 2125 414 2210 tellegatis
441 2125 524 2189 nihil
552 2126 582 2189 ei
608 2129 676 2190 tam
703 2128 814 2212 regale
846 2127 946 2191 videri
978 2148 1075 2211 quam
1106 2127 1248 2193 studium
1262 2146 1288 2186 so

250 2213 322 2299 agri
344 2212 478 2298 colendi,
500 2210 648 2279 Socrates
670 2214 705 2278 in
727 2236 765 2279 eo
788 2215 873 2280 libro
894 2216 1038 2298 loquitur
1055 2237 1128 2280 cum
1147 2214 1248 2281 Crito·

249 2303 326 2366 bulo
351 2299 469 2385 Cyrum
492 2302 663 2385 minorem,
684 2301 857 2368 Persarum
880 2322 1003 2388 regem,
1028 2307 1249 2387 praestantem

249 2389 378 2476 ingenio
402 2393 498 2473 atque
521 2390 648 2475 imperii
671 2391 790 2476 gloria,
813 2413 886 2455 cum
907 2390 1072 2474 Lysander
1093 2390 1249 2455 Lacedae

250 2478 387 2561 menius,
408 2478 458 2542 vir
481 2499 624 2543 summae
647 2478 795 2562 virtutis,
816 2478 958 2542 venisset
980 2478 1021 2542 ad
1044 2499 1116 2543 eum
1139 2476 1248 2543 Sardis

249 2566 341 2649 eique
374 2566 457 2630 dona
484 2589 503 2631 a
535 2566 630 2632 sociis
663 2566 847 2649 adtulisset,
878 2569 911 2630 ct
942 2566 1056 2631 ceteris
1087 2567 1121 2631 in
1152 2568 1249 2632 rebus
1264 2584 1289 2625 2⁵

250 2674 373 2719 comem
396 2675 473 2738 erga
495 2653 696 2739 Lysandrum
724 2658 820 2737 atque
842 2654 1019 2719 humanum
1041 2654 1141 2720 fuisse
1164 2660 1198 2719 et
1220 2656 1249 2720 ei

231 2756 233 2760 ’
250 2740 408 2825 quendam
422 2745 630 2827 consaeptum
650 2762 765 2828 agrum
782 2741 954 2829 diligenter
967 2743 1127 2808 consitum
1145 2748 1250 2808 osten·

251 2828 344 2893 disse.
389 2827 470 2894 Cum
498 2834 605 2895 autem
634 2830 848 2896 admiraretur
870 2830 1034 2915 Lysander
1057 2835 1090 2896 et
1112 2832 1249 2916 proceri·

249 2921 334 2982 tates
362 2917 514 2982 arborum
541 2922 574 2983 et
601 2918 745 2983 derectos
772 2919 806 2983 in
834 2919 1044 3002 quincuncem
1066 2920 1195 2985 ordines
1219 2924 1251 2984 et

250 3007 383 3071 humum
406 3006 572 3071 subactam
596 3010 692 3091 atque
710 3028 826 3091 puram
844 3011 877 3071 et
895 3008 1089 3073 suavitatem
1107 3008 1251 3089 odorum,
1265 3023 1291 3063 ευ

251 3096 305 3178 qui
334 3093 529 3158 adflarentnr
556 3116 593 3158 ex
620 3094 768 3178 floribus,
797 3099 867 3159 tum
894 3118 967 3161 eum
995 3095 1112 3160 dixisse
1140 3094 1251 3159 mirari

251 3203 285 3246 se
307 3204 372 3247 non
394 3182 488 3246 modo
512 3181 729 3268 diligentiam,
758 3183 814 3246 sed
842 3182 939 3248 etiam
967 3183 1146 3248 sollertiam
1174 3182 1251 3262 eius,

250 3292 355 3353 aquo
379 3273 486 3334 essent
507 3269 565 3334 illa
588 3270 732 3335 dimensa
755 3274 852 3354 atque
880 3272 1048 3356 discripta,
1075 3275 1108 3335 et
1131 3268 1251 3353 Cyrum

249 3357 466 3442 respondisse:
494 3356 631 3441 ‘Atqui
658 3380 727 3444 ego
755 3359 833 3423 ista
860 3380 940 3424 sum
963 3358 1089 3424 omnia
1112 3358 1252 3422 dimen-

250 3467 329 3530 sus3
358 3446 431 3510 mei
454 3448 542 3510 sunt
565 3446 731 3529 ordines,
758 3469 840 3512 mea
863 3447 1081 3532 discriptio,
1108 3447 1292 3511 multaeao

250 3534 366 3598 etiam
388 3533 552 3598 istarum
575 3534 754 3599 arborum
776 3557 858 3600 mea
880 3556 990 3599 manu
1013 3538 1102 3600 sunt
1125 3533 1253 3600 satae?

246 3620 330 3683 Turn
347 3621 554 3703 Lysandrum
571 3622 751 3687 intuentem
769 3645 945 3708 purpuram
967 3622 1035 3688 eius
1058 3626 1092 3687 et
1113 3623 1252 3690 nitorem
