2950 4150
241 306 304 368 142
478 303 572 359 CATO
590 304 708 359 MAIOR
726 303 777 358 DE
795 303 1008 359 SENEG'I'UTE

239 465 371 531 memini
393 488 482 551 puer,
506 465 562 550 qui
585 488 657 531 cum
681 465 893 548 quadriennio
915 470 992 551 post
1015 467 1153 532 alterurn
1173 489 1246 534 con·

240 555 383 619 sulatum
398 553 545 639 pontifex
564 554 723 618 maximus
741 553 847 618 iactus
866 558 961 637 esset,
978 554 1097 641 viginti
1115 559 1148 621 et
1166 555 1245 621 duos

240 664 342 708 annos
371 643 400 707 ei
427 641 607 707 sacerdotio
635 640 790 726 praefuit,
822 642 869 706 ita
900 642 994 707 bonis
1025 665 1102 708 esse
1122 643 1245 710 viribus

239 736 382 796 extremo
405 735 552 815 tempore
575 731 703 813 aetatis,
724 733 762 794 ut
785 729 1037 796 adulescentiam
1060 754 1125 796 non
1142 734 1247 818 requi-

238 822 333 884 reret.
387 817 480 883 Nihil
512 839 641 884 necesse
673 821 724 883 est
755 818 837 882 mihi
868 818 907 883 de
938 842 990 883 me
1023 820 1096 906 ipso
1133 821 1246 906 dicere,
1273 839 1286 880 ⁵

189 966 230 1030 10
240 929 436 991 quamquem
469 910 520 971 est
551 906 584 970 id
616 906 745 991 quidem
777 907 878 972 senile
915 907 1079 993 aetatique
1114 913 1247 975 nostrae

186 1045 219 1094 31
239 996 432 1061 conceditur.
477 993 660 1079 Videtisne,
688 999 726 1060 ut
749 995 834 1080 apud
856 993 1036 1062 Homerum
1059 997 1247 1083 saepissime

239 1083 360 1149 Nestor
392 1083 431 1148 de
462 1083 638 1148 virtutibus
671 1083 738 1149 suis
770 1083 954 1168 praedicet?
1006 1084 1150 1151 Tertiam
1181 1087 1247 1151 iam

239 1173 324 1237 enim
353 1174 492 1236 aetatem
520 1171 689 1237 hominurn
717 1171 862 1256 videbat,
892 1194 952 1239 nec
983 1177 1055 1239 erat
1081 1174 1111 1238 ei
1138 1195 1246 1240 veren-

239 1260 329 1343 dum,
358 1282 398 1325 nc
425 1282 503 1324 vera
529 1260 718 1345 praedicans
747 1260 785 1325 de
813 1283 847 1326 se
874 1261 971 1326 nimis
998 1261 1162 1327 videretur
1190 1268 1247 1328 aut
1261 1284 1287 1322 ιο

238 1349 382 1414 insolens
397 1352 454 1413 aut
467 1349 595 1432 loquax.
627 1347 768 1433 Etenim,
781 1353 819 1414 ut
837 1350 884 1414 eit
896 1349 1069 1435 Homerus,
1088 1350 1148 1416 ‘ex
1166 1352 1247 1417 eius

239 1438 375 1523 lingua
402 1437 518 1502 melle
546 1437 697 1502 dulcior
723 1438 876 1502 fluebat
904 1438 1057 1523 oratio’,
1086 1462 1184 1523 quam
1207 1441 1248 1505 ad

240 1527 436 1590 suavitatem
458 1524 558 1588 nullis
582 1524 700 1609 egebat
722 1526 866 1608 corporis
890 1526 1022 1590 viribus.
1066 1526 1111 1590 Et
1138 1532 1248 1592 tamen

240 1614 303 1679 dux
330 1613 386 1677 ille
415 1610 569 1677 Graeciae
596 1633 757 1695 nusquam
784 1616 891 1697 optat,
922 1617 959 1677 ut
986 1612 1096 1678 Aiacis
1123 1615 1247 1680 similes

240 1702 360 1766 habeat
384 1700 501 1784 decem,
524 1699 580 1764 sed
603 1703 640 1763 ut
658 1699 822 1783 Nestoris3
845 1700 977 1783 quodsi
1001 1701 1063 1765 sibi
1086 1702 1287 1787 accidentis

188 1807 221 1856 os
240 1812 306 1855 non
329 1789 466 1872 dubitat,
489 1788 567 1872 quin
589 1788 681 1853 brevi
704 1788 748 1852 sit
766 1787 864 1852 Troia
881 1789 1035 1873 peritura
1071 1788 1133 1855 Sed
1151 1791 1246 1857 redeo

241 1879 282 1943 ad
304 1900 365 1943 me.
401 1875 559 1953 Quartum
583 1897 645 1962 ago
669 1899 789 1941 annum
808 1880 841 1941 et
859 1881 932 1942 octo
957 1879 1106 1962 ssimum,
1128 1879 1247 1944 vellem

241 1966 388 2050 equidem
406 1965 491 2029 idern
510 1985 640 2049 possem
660 1965 804 2050 gloriari,
823 1964 908 2048 qnod
1014 1987 1039 2050 s,
1062 1967 1118 2031 sed
1136 1970 1247 2032 temen

239 2055 301 2120 hoc
325 2075 406 2138 queo
430 2052 544 2136 dicere,
565 2075 632 2118 non
655 2073 706 2118 mc
730 2052 858 2137 quidem
875 2053 917 2118 iis
936 2075 1006 2120 esse
1024 2055 1157 2142 viribus,
1180 2057 1247 2141 qui·

240 2143 300 2207 bus
325 2146 382 2206 aut
404 2141 497 2205 miles
521 2141 608 2205 bello
627 2141 748 2206 Punico
770 2146 827 2206 aut
850 2146 1002 2226 quaestor
1010 2145 1137 2227 ,eodem
1159 2146 1246 2211 bello
1261 2166 1287 2205 ao
1332 2191 1342 2199 ..

242 2236 298 2296 aut
320 2230 434 2296 consul
456 2230 492 2293 in
513 2228 674 2314 Hispania
697 2228 814 2294 fuerim
842 2235 899 2295 aut
926 2232 1135 2315 quadriennio
1162 2240 1247 2318 post,

241 2342 314 2386 oum
341 2318 491 2384 tribunus
519 2318 671 2383 militaris
695 2318 878 2404 depugnavi
905 2320 990 2404 apud
1012 2321 1246 2406 Thermopylas

240 2408 293 2474 Μ’.
308 2407 485 2473 Glabrione
508 2407 648 2491 consula,
671 2406 728 2471 sed
750 2411 869 2490 tamen,
891 2412 929 2470 ut
950 2429 1009 2471 vos
1032 2408 1160 2494 videtis,
1181 2432 1247 2475 non

240 2498 337 2582 plane
360 2518 412 2560 me
435 2497 615 2580 enervavit,
641 2516 707 2560 non
730 2494 856 2559 adflixit
878 2499 1039 2580 senectus,
1065 2518 1132 2562 non
1158 2500 1248 2564 curia

240 2585 326 2650 vires
345 2606 433 2648 meas
453 2583 622 2667 desiderat,
639 2604 705 2648 non
723 2586 841 2667 rostra,
857 2604 924 2648 non
942 2583 1046 2669 amici,
1067 2608 1134 2651 non
1152 2588 1247 2652 elien·
1261 2607 1287 2647 rs

239 2676 304 2755 tes,
331 2692 397 2736 non
419 2670 573 2755 hospites.
619 2669 687 2736 Nec
710 2671 797 2736 anim
819 2693 973 2755 umquam
997 2695 1069 2738 sum
1091 2675 1247 2740 adsensus

240 2760 343 2825 veteri
360 2759 411 2823 illi
430 2758 625 2843 laudatoque
644 2760 826 2844 proverbio,
850 2760 936 2844 quod
954 2766 1064 2827 monet
1082 2760 1246 2828 ‘mature

240 2848 331 2913 fieri
355 2869 495 2931 senem,
525 2848 558 2911 si
580 2847 643 2912 diu
666 2848 765 2913 velis
789 2870 903 2913 senex
926 2849 1029 2914 esse?
1073 2849 1147 2937 Ego
1170 2874 1247 2918 vero

241 2959 292 3002 me
319 2936 425 3001 minus
454 2935 507 3000 diu
531 2957 639 3000 senem
663 2958 732 3000 esse
755 2938 888 3002 mallem
916 2960 1014 3021 quam
1037 2960 1106 3004 esse
1129 2962 1247 3024 senem,

242 3030 317 3090 ante
340 3045 438 3108 quam
461 3045 572 3089 essem.
616 3023 731 3109 Itaque
753 3047 848 3090 nemo
872 3026 976 3091 adhuc
1003 3028 1173 3093 convenire
1196 3050 1247 3092 me
1261 3047 1287 3086 so

189 3131 222 3181 33
242 3113 355 3195 voluit,
379 3112 430 3177 cui
451 3111 568 3177 fuerim
591 3117 793 3210 occupatusl
812 3112 859 3178 At
880 3114 987 3179 minus
1006 3115 1110 3180 habeo
1128 3116 1247 3181 virium

241 3224 339 3287 quarn
361 3204 505 3265 vestrum
528 3200 658 3266 utervis.
699 3199 750 3266 Ne
773 3223 831 3267 vos
853 3202 981 3286 quidem
1000 3202 1037 3267 T.
1056 3202 1154 3268 Ponti
1176 3226 1246 3269 cen-

241 3290 380 3356 turionis
402 3288 488 3353 vires
510 3288 655 3373 habetis,
680 3311 759 3353 num
785 3290 903 3355 idcireo
932 3295 982 3355 est
1003 3290 1060 3355 ille
1083 3296 1247 3376 praestan·

241 3380 328 3445 tior?
354 3376 535 3443 Moderatio
558 3376 654 3443 modo
672 3377 791 3443 virium
814 3378 910 3463 adsit,
933 3382 966 3443 et
988 3383 1126 3463 tantum,
1149 3402 1248 3464 quan-

242 3472 313 3533 tum
326 3470 436 3553 potest
449 3465 593 3550 quisque,
606 3466 745 3550 nitatur3
758 3489 799 3531 ne
812 3467 866 3531 ille
880 3488 946 3531 non
959 3488 1079 3552 magno
1090 3468 1246 3534 desiderio
1262 3489 1287 3529 sc

241 3556 406 3621 tenebitur
419 3554 545 3620 virium.
578 3553 749 3639 Olympiae
762 3578 821 3641 per
834 3555 975 3619 stadium
993 3556 1159 3641 ingressus
1179 3580 1248 3623 esse

232 3643 321 3705 Milo
344 3642 475 3726 dicitur,
499 3666 571 3710 eum
593 3642 736 3708 humeris
761 3643 935 3709 sustineret
958 3643 1083 3710 bovem.
1128 3644 1249 3712 Utrum
