2950 4150
549 309 625 364 cnr.
645 314 723 367 a-s.
761 314 909 375 eac-so.
1169 311 1231 373 141

226 473 312 538 enim
335 475 406 537 arat
428 471 518 537 locus
542 471 627 546 alter
649 472 688 536 de
710 472 800 536 vitiis
828 469 1031 558 senectutis),
1056 493 1123 537 non
1149 472 1233 556 plus,

226 582 323 646 quam
332 558 520 625 adulescens
534 559 621 624 tauri
635 563 693 625 aut
707 559 873 645 elephanti
887 559 1117 625 desiderabam.
1140 557 1232 635 Quod

226 653 285 733 est,
307 669 345 714 eo
369 647 460 714 decat
481 647 530 712 uti
553 651 595 732 et,
618 648 771 732 quioquid
793 669 882 734 agas,
905 668 1000 732 agere
1022 669 1082 734 pro
1100 647 1232 714 viribus.

226 735 315 812 Quas
337 736 422 802 enim
444 757 508 802 vox
529 740 640 822 potest
663 758 733 801 esse
755 737 970 821 contemptior
989 757 1086 821 quam
1100 736 1232 802 Milonis

199 823 456 890 sOrotoniatae?
480 823 535 909 qui
558 846 631 890 cum
653 825 720 890 iam
743 846 839 890 senex
863 830 949 890 esset
971 825 1176 909 athletasque
1198 847 1232 891 se

227 917 409 979 exercentes
432 913 466 978 in
484 913 643 979 curriculo
660 913 794 998 videret,
817 913 980 998 aspexisse
998 916 1137 978 lacertos
1157 935 1232 979 suos

227 1001 343 1067 dicitur
355 1002 628 1085 inlacrimansque
643 1001 774 1066 dixisse:
792 1001 859 1066 ‘At
872 1002 912 1065 hi
927 1001 1076 1086 quidem
1090 1003 1233 1068 mortui

225 1091 300 1155 iam
318 1089 427 1155 sunt.'
458 1088 534 1155 Non
552 1110 630 1155 vero
648 1094 717 1155 tam
735 1090 793 1155 isti
811 1112 909 1175 quam
926 1094 964 1155 tu
981 1090 1060 1175 ipse,
1078 1093 1232 1176 nugator!

225 1199 328 1263 nequa
347 1178 433 1243 enim
451 1176 489 1243 ax
507 1182 546 1267 ta
563 1200 717 1263 umquam
740 1200 774 1243 es
797 1178 999 1263 nobilitatus,
1022 1178 1078 1242 sed
1097 1180 1232 1244 orlata

188 1287 213 1328 ro
226 1266 316 1348 ribus
343 1270 377 1331 et
403 1266 533 1331 lacertis
561 1267 644 1335 tuise
681 1265 774 1331 Nihil
802 1264 873 1331 Sex.
900 1266 1014 1331 Aelius
1041 1267 1122 1350 tale,
1149 1266 1232 1333 nihil

218 1350 339 1419 ‘multis
358 1354 451 1419 annis
470 1359 545 1419 ante
563 1353 610 1419 Ti.
653 1355 855 1438 oruncanius,
874 1354 958 1418 nihil
976 1355 1072 1419 modo
1090 1355 1126 1419 P.
1140 1353 1232 1421 Cras·

228 1464 295 1527 sus,
323 1443 480 1528 aquibus
503 1443 575 1507 iura
598 1442 721 1508 civibus
749 1442 1066 1528 praescribebantur3
1096 1465 1232 1526 quorum

226 1531 392 1616 usquead
415 1535 593 1596 extremum
617 1531 768 1617 spiritum
795 1535 846 1596 est
872 1534 1025 1616 provecta
1052 1530 1233 1615 prudentia.

227 1619 345 1685 Orator
359 1622 468 1684 metuo
481 1641 522 1684 ne
541 1619 731 1705 languescat
749 1623 927 1704 senectute3
946 1623 995 1684 est
1013 1619 1098 1695 enim
1117 1642 1232 1685 munus
1252 1634 1284 1684 as

189 1727 214 1769 rs
227 1707 295 1862 gius
313 1729 384 1810 non
406 1707 529 1793 ingenii
552 1707 747 1860 ⁸fiiuff'·⁸⁰d
769 1709 908 1859 laterulm
927 1708 1032 1860 (qtiantr
1056 1708 1232 1858 squirium.

256 1816 365 1861 mmno
388 1816 543 1860 canorum
604 1819 626 1860 u
668 1819 702 1860 m
727 1817 805 1861 voce
833 1817 926 1880 spen
949 1817 1013 1860 eso1
1055 1817 1154 1860 emm
1181 1818 1233 1860 ne

228 1885 294 1951 scio
326 1904 389 1969 quo
424 1887 520 1968 pacto
552 1883 587 1948 in
618 1887 798 1968 senectute,
835 1884 920 1969 quod
954 1883 1102 1967 equidem
1129 1885 1233 1950 adhuc

226 1994 292 2038 non
314 1971 423 2056 amisi,
455 1976 488 2037 et
514 1971 631 2036 videtis
659 1993 775 2056 annos3
802 1972 858 2037 sed
885 1976 995 2039 tamen
1025 1976 1076 2037 est
1099 1972 1233 2038 decorus

147 2108 151 2119 ,
229 2061 313 2127 se'nis
336 2082 443 2126 sermo
462 2060 589 2145 quietus
608 2063 641 2125 et
663 2061 831 2145 remissus,
853 2060 995 2147 facitque
1023 2084 1081 2146 per
1104 2084 1138 2127 se
1160 2063 1233 2147 ipsa

189 2171 215 2210 so
229 2149 293 2213 sibi
314 2148 510 2214 audientiam
539 2149 652 2214 diserti
676 2150 761 2213 senis
789 2156 920 2235 compta
950 2155 983 2216 et
1005 2151 1095 2215 mitis
1119 2152 1232 2216 oratio.

228 2235 331 2313 Quam
355 2238 383 2302 si
404 2238 474 2322 ipse
497 2238 611 2321 exequi
637 2258 793 2322 nequeas,
819 2240 926 2323 possis
953 2244 1064 2303 tamen
1091 2237 1234 2323 Scipioni

228 2326 412 2410 praecipere
435 2330 468 2389 et
490 2325 610 2390 Laelio.
651 2322 735 2400 Quid
759 2326 843 2390 enim
867 2330 917 2390 est
938 2326 1105 2392 iucundius
1130 2348 1233 2391 senec-

228 2418 299 2478 tute
327 2413 449 2498 stipata
478 2414 594 2479 studiis
626 2414 827 2479 iuventutis?
859 2413 912 2478 An
938 2435 978 2478 ne
1005 2414 1080 2478 illas
1104 2414 1234 2498 quidem
1253 2428 1285 2479 rs

230 2503 314 2567 vires
342 2503 499 2567 senectuti
526 2503 758 2587 relinquemus,
789 2506 827 2567 ut
859 2502 1078 2568 adulescentes
1111 2502 1234 2588 doceat,

189 2608 216 2650 ss
230 2588 390 2673 instituat,
413 2589 453 2653 ad
472 2612 566 2655 omne
585 2589 683 2655 officii
701 2612 818 2655 munus
836 2591 999 2657 instruat?
1022 2612 1086 2675 quo
1105 2592 1234 2677 quidem

231 2698 326 2763 opere
350 2676 426 2761 quid
448 2682 557 2762 potest
581 2700 650 2743 esse
673 2679 892 2764 praeclarius?
928 2679 1009 2744 Mihi
1029 2701 1106 2746 vero
1125 2686 1158 2745 et
1177 2679 1234 2747 On.

230 2770 264 2831 at
280 2764 316 2831 P.
330 2763 495 2851 Scipiones
513 2772 547 2831 et
569 2767 622 2832 avi
644 2768 692 2832 tui
716 2767 789 2851 duo,
810 2767 846 2831 L.
862 2767 1021 2833 Aemilius
1040 2773 1081 2833 et.
1099 2768 1134 2834 P.
1149 2769 1234 2833 Afri-

230 2875 342 2939 canus,
368 2854 526 2920 comitatu
547 2854 707 2920 nobilium
730 2855 881 2920 iuvenum
903 2856 1062 2921 fortunati
1084 2857 1234 2922 videban-

230 2945 297 3028 tur,
318 2964 377 3008 nec
399 2942 460 3007 ulli
484 2943 642 3008 bonarum
665 2944 784 3009 artium
808 2944 957 3030 magistri
979 2966 1045 3009 non
1067 2946 1156 3010 beati
1178 2968 1234 3031 pu·

189 3048 217 3091 so
230 3030 329 3115 tandi,
344 3030 491 3115 quamvis
506 3032 731 3097 consenuerint
745 3033 830 3098 vires
845 3038 941 3117 atque
956 3033 1137 3098 defecerint.
1160 3032 1235 3097 Etsi

229 3119 302 3204 ipsa
326 3119 392 3184 ista
419 3118 555 3184 defectio
579 3120 696 3185 virium
725 3121 961 3186 adulescentiae
983 3121 1072 3187 vitiis
1097 3121 1234 3186 efficitur

230 3208 358 3293 saepius
391 3229 489 3292 quam
521 3209 708 3292 senectutis3
740 3209 913 3275 libidinosa
945 3210 1030 3275 enim
1063 3214 1096 3274 at
1121 3210 1234 3273 intem·

230 3318 346 3381 perans
379 3296 596 3361 adulescentia
628 3298 759 3362 effetum
790 3319 907 3383 corpus
938 3297 1039 3364 tradit
1068 3297 1234 3362 senectuti.

130 3414 133 3419 ·
230 3382 333 3468 Cyrus
357 3383 486 3467 quidem
508 3384 594 3469 apud
616 3383 863 3470 Xenophontem
887 3408 924 3451 eo
949 3406 1109 3468 sermone,
1139 3407 1234 3469 quem
1254 3401 1285 3450 aa

189 3490 216 3531 ss
230 3472 372 3537 moriens
394 3472 523 3556 habuit,
546 3494 618 3538 cum
642 3473 814 3539 admodum
837 3496 933 3539 senex
956 3476 1054 3555 esset,
1076 3478 1177 3557 negat
1200 3496 1234 3538 so

229 3581 383 3643 umquam
407 3561 545 3626 sensisse
569 3565 765 3627 senectutem
789 3584 881 3627 suam
903 3560 1149 3627 imbecilliorem
1171 3562 1234 3628 fac·

230 3652 312 3732 tam,
344 3670 441 3739 quam
473 3650 691 3715 adulescentia
721 3649 846 3716 fuisset
895 3650 967 3734 Ego
1000 3647 1040 3712 Ii.
1066 3648 1249 3712 Metellum
