2950 4150
271 321 333 385 192
563 319 716 375 LAELIUS
735 319 785 373 DE
803 319 968 374 AMICITIA

269 484 448 567 deantur,
479 483 572 548 illos
604 505 733 548 verum
763 504 876 566 saepe
904 481 1043 565 dicere,
1076 483 1145 547 hos
1174 505 1275 547 num·

269 571 399 657 quam?
428 569 536 655 Atque
555 570 637 635 illud
655 570 840 653 absurdum,
859 569 945 654 quod
967 569 1000 654 ii,
1020 570 1075 655 qui
1096 574 1277 654 monentur,

269 683 341 726 eam
360 660 553 742 molestiam,
575 682 672 744 quam
691 659 809 724 debent
828 679 951 743 capere,
969 680 1035 723 non
1050 660 1191 744 capiunt,
1206 682 1277 724 eam

268 749 410 834 capiunt,
433 770 497 831 qua
520 747 637 813 debent
659 769 789 831 vacare3
811 768 961 832 peccasse
980 747 1065 811 enim
1087 770 1206 814 senon
1225 770 1278 814 an·
1328 766 1331 771 ·

270 841 399 923 guntur,
427 836 593 922 obiurgari
621 836 758 901 moleste
784 834 907 919 ferunt,
935 835 1021 919 quod
1044 840 1158 901 contra
1185 859 1277 922 opor·
1305 854 1318 894 ⁵

217 927 370 1058 25tebat,
393 925 511 1027 delicto
531 925 648 1008 dolere,
672 923 869 989 correctione
892 924 1040 1026 gaudere,

217 1072 249 1120 ⁹¹
271 1012 1278 1186 9999991999θέ9999999999

268 1193 430 1275 patienter
452 1190 603 1274 accipere,
626 1211 692 1256 non
710 1193 938 1275 repugnanter,
960 1190 1007 1254 sic
1024 1189 1208 1254 habendum
1227 1193 1278 1254 est

268 1279 394 1343 nullam
416 1278 450 1342 in
473 1278 625 1344 amicitiis
647 1282 774 1363 pestem
802 1298 872 1342 esse
895 1277 1051 1343 maiorem
1080 1300 1177 1362 quam
1203 1278 1318 1343 adu-10

269 1368 441 1450 lationem,
468 1367 675 1451 blanditiam,
708 1365 980 1450 adsentationem
1012 1368 1160 1450 quamvis
1193 1367 1279 1431 enim

270 1456 381 1521 multis
413 1455 598 1520 nominibus
630 1459 681 1520 est
711 1456 773 1520 hoc
803 1455 920 1519 vitium
949 1455 1129 1520 notandum
1159 1456 1278 1520 levium

269 1544 437 1609 hominum
461 1547 557 1627 atque
584 1543 752 1608 fallacium
778 1543 818 1607 ad
845 1543 1048 1607 voluntatem
1077 1543 1279 1627 loquentium

217 1650 251 1700 91
271 1633 388 1715 omnia,
406 1631 489 1696 nihil
508 1631 549 1696 ad
567 1632 746 1696 veritatem.
779 1629 861 1694 Cum
881 1634 989 1695 autem
1008 1631 1152 1696 omnium
1170 1654 1278 1697 rerum

271 1720 436 1786 simulatio
459 1720 578 1785 vitiosa
601 1724 650 1783 est
678 1717 781 1803 (tollit
804 1718 889 1783 enim
912 1717 1065 1784 iudicium
1087 1721 1157 1784 veri
1179 1721 1275 1805 idque
1290 1737 1316 1779 rs

270 1806 457 1894 adulterat),
476 1813 546 1873 tum
565 1808 727 1873 amicitiae
742 1811 904 1893 repugnat
917 1807 1070 1891 maxime,
1088 1808 1180 1873 delet.
1193 1809 1278 1874 enim

270 1899 456 1981 veritatem,
486 1897 554 1961 sine
578 1918 642 1980 qua
664 1917 783 1962 nomen
805 1897 966 1962 amicitiae
991 1897 1097 1961 valere
1120 1919 1184 1962 non
1207 1902 1278 1983 pot

272 1992 329 2050 est.
370 1985 456 2049 Nam
480 2007 552 2050 cum
576 1985 737 2049 amicitiae
760 1985 809 2050 vis
833 1985 877 2049 sit
899 1986 934 2049 in
957 2007 1004 2069 eo,
1026 1990 1063 2050 ut
1081 2007 1165 2050 unus
1185 1986 1277 2070 quasi

272 2077 398 2140 animus
421 2075 480 2138 fiat
503 2096 541 2138 ex
564 2073 721 2158 pluribus,
746 2073 800 2158 qui
823 2072 857 2138 id
879 2073 949 2138 fieri
971 2073 1106 2159 poterit,
1129 2075 1157 2139 si
1179 2097 1220 2139 ne
1242 2076 1277 2140 in

272 2186 335 2228 uno
355 2162 483 2247 quidem
502 2184 629 2246 quoque
648 2184 730 2227 unus
750 2163 876 2227 animus
896 2164 957 2227 erit
976 2163 1123 2247 idemque
1142 2185 1278 2249 sempor,
1292 2180 1318 2221 99

219 2270 252 2317 93
273 2252 328 2316 sed
343 2252 462 2336 varius,
481 2251 730 2336 commutabilis,
749 2251 943 2336 multiplex?
967 2249 1050 2327 Quid
1064 2251 1149 2315 enim
1167 2256 1278 2336 potest

272 2363 341 2405 esse
364 2345 432 2405 tam
457 2339 606 2423 flexibile,
628 2344 697 2404 tam
717 2340 845 2404 devium
864 2362 960 2424 quam
980 2339 1107 2404 animus
1125 2340 1203 2419 cius,
1222 2340 1278 2424 qui

272 2430 312 2494 ad
344 2429 479 2494 alterius
511 2450 577 2495 non
609 2428 705 2494 modo
738 2450 867 2492 sensum
900 2450 937 2492 ao
968 2428 1184 2512 voluntatem,
1221 2429 1277 2493 sed

271 2519 370 2582 etiam
393 2518 520 2582 vultum
544 2521 641 2600 atque
664 2520 779 2581 nutum
803 2516 1023 2581 convertitur?

315 2605 347 2670 N
353 2608 442 2691 egat
456 2606 555 2688 quis,
569 2626 681 2691 nego,
700 2605 767 2687 ait,
786 2604 859 2686 ai03
877 2609 1073 2689 postremo
1088 2602 1277 2690 imperavi

875 2695 1027 2779 egomet
1049 2692 1143 2757 mihi
1291 2710 1316 2749 ¹⁵

317 2766 452 2848 Omnia
476 2781 687 2859 adsentari,

273 2875 309 2935 ut
333 2870 380 2934 ait
403 2870 487 2934 idem
512 2869 691 2954 Terentius,
714 2870 771 2934 sed
793 2869 849 2933 ille
872 2870 907 2933 in
928 2867 1111 2934 Gnathonis
1129 2891 1278 2954 persona,

220 2976 253 3025 94
274 2959 358 3044 quod
378 2958 472 3023 amici
492 2980 592 3043 genus
613 2958 765 3022 adhibere
783 2958 914 3023 omnino
929 2957 1073 3023 levitatis
1092 2961 1150 3022 est.
1180 2958 1277 3023 Multi

274 3053 380 3113 autem
395 3045 605 3112 Gnathonum
620 3046 743 3111 similes
757 3068 830 3111 cum
845 3047 910 3110 sint
925 3046 1007 3128 loco,
1029 3046 1171 3130 fortuna,
1189 3045 1277 3109 fama

273 3136 463 3221 superiores,
486 3136 602 3201 horum
625 3139 675 3199 est
698 3134 881 3199 adsentatio
900 3135 1047 3218 molesta,
1071 3157 1142 3200 cum
1163 3133 1203 3198 ad
1221 3155 1276 3197 va
1290 3148 1317 3189 ³⁰

221 3225 410 3291 sanitatem
437 3224 573 3289 accessit
604 3222 790 3288 auctoritas.
835 3221 964 3289 Secerni
996 3227 1105 3287 autem
1137 3221 1276 3285 blandus

213 3324 216 3335 '
273 3313 394 3378 amicus
419 3335 438 3377 a
461 3334 537 3377 vero
561 3315 593 3375 et
616 3311 791 3377 internosci
814 3316 883 3376 tam
905 3314 1015 3395 potest
1038 3308 1184 3375 adhibita
1207 3309 1277 3373 dili-

274 3401 385 3488 gentia
408 3423 505 3484 quam
524 3399 632 3464 omnia
645 3398 756 3464 fucata
774 3404 807 3464 et
826 3400 979 3465 simulata
993 3421 1013 3463 a
1027 3397 1160 3463 sinceris
1180 3402 1277 3482 atque

272 3490 366 3555 veris.
412 3487 537 3571 Contio,
561 3510 642 3572 quae
665 3510 704 3551 ex
726 3487 979 3573 imperitissimis
1003 3490 1144 3570 constat,
1167 3491 1278 3553 tamen

261 3578 412 3640 indicare
433 3578 534 3659 solet,
564 3577 640 3662 quid
667 3577 797 3641 intersit
826 3578 911 3640 inter
938 3576 1144 3661 popularem,
1171 3577 1203 3640 id
1227 3582 1278 3641 est
1292 3592 1317 3633 ³⁵

242 3659 499 3729 adsentator-em
537 3670 570 3731 et
599 3667 709 3734 levem
740 3666 861 3749 civem,
892 3668 925 3730 et
954 3664 1039 3729 inter
1069 3670 1281 3735 constantem„
