2950 4150
264 296 328 361 134
502 293 595 350 CATO
613 294 730 350 MAIOR
748 295 798 349 DE
816 294 1028 350 annnorum

228 439 249 502 3
328 457 416 525 Οιιο.
452 455 593 540 Faciam,
615 461 653 522 ut
669 460 795 542 potero,
813 455 913 521 Laeli.
944 454 1047 542 Saepe
1065 456 1151 521 enim
1169 457 1267 521 inter-

228 516 310 612 esm-
332 545 471 630 querelis
500 546 682 630 aequalium
710 566 856 610 meorum
882 545 991 630 (pares
1019 549 1129 610 autem
1157 548 1266 610 vetere

261 634 433 720 proverbio
456 656 530 700 cum
556 634 688 719 paribus
715 633 870 698 facillime
892 630 1162 719 congregantur),
1184 655 1266 718 quae

263 722 297 788 C.
320 720 498 805 Salinator,
529 743 611 805 quae
634 719 688 806 Sp.
711 721 866 804 Albinus,
894 720 1042 787 homines
1070 722 1266 804 consulares,

261 811 367 876 nostri
388 809 456 875 iere
474 810 633 893 aequales,
653 810 820 894 deplorare
839 810 998 892 solebant,
1018 815 1090 876 tum
1108 810 1194 893 quod
1212 831 1266 875 vo
1292 827 1306 869 s

262 898 444 984 luptatibus
472 902 631 982 carerent,
659 898 728 963 sine
757 899 874 981 quibus
900 898 1003 963 vitam
1026 899 1151 964 nullam
1173 902 1266 983 puta-

262 991 349 1070 rent,
375 991 446 1051 tum
470 985 556 1070 quod
578 990 806 1070 spernerentur
828 987 869 1051 ab
892 986 948 1070 iis,
976 1009 996 1051 a
1019 987 1136 1071 quibus
1158 991 1267 1051 essent

263 1076 327 1142 coli
347 1074 445 1141 soliti
478 1073 540 1150 Qui
558 1074 639 1138 mihi
656 1096 723 1139 non
740 1075 774 1138 id
792 1074 985 1140 videbantur
1003 1096 1162 1158 accusare,
1181 1074 1268 1158 quod

263 1168 348 1229 esset
372 1162 594 1228 accusandum.
638 1161 725 1227 Nam
749 1163 777 1227 si
798 1162 832 1226 id
859 1163 955 1248 culpa
983 1163 1158 1229 senectutis
1186 1162 1267 1228 acci-

264 1252 368 1335 deret,
395 1250 508 1316 eadem
530 1250 612 1315 mihi
638 1272 700 1316 usu
722 1250 870 1317 venirent
891 1251 1089 1336 reliquisque
1115 1251 1266 1316 omnibus
1281 1268 1307 1310 ιο

262 1301 440 1405 maior’ibus
461 1343 551 1423 natu,
573 1361 710 1441 quorum
728 1361 790 1426 ego
808 1339 987 1406 multorum
1004 1339 1143 1425 cognovi
1162 1361 1267 1404 senec-

261 1433 366 1494 tutem
381 1427 449 1492 sine
463 1428 603 1512 querela,
626 1428 682 1512 qui
696 1449 730 1492 se
745 1431 779 1492 et
796 1428 968 1517 libidinum
986 1428 1123 1495 vinculis
1139 1429 1267 1493 laxatos

263 1538 333 1582 esse
363 1537 430 1580 non
461 1516 597 1579 moleste
628 1514 752 1579 ferrent
781 1537 841 1579 neo
872 1538 892 1579 a
919 1511 987 1580 suis
1019 1515 1267 1601 despicerentur.

262 1602 325 1669 Sed
348 1602 493 1704 omnium
515 1601 721 1667 istiusmodi
749 1602 989 1704 querelarum
980 1623 1015 1666 ιιι
1044 1602 1189 1668 moribus
1218 1607 1269 1666 est

262 1693 367 1778 culpa,
388 1712 454 1756 non
476 1690 511 1755 in
534 1694 649 1755 aetate.
693 1687 854 1754 Moderati
877 1691 963 1755 enim
986 1694 1019 1754 et
1041 1712 1100 1755 nec
1119 1689 1267 1755 difficiles
1283 1709 1308 1750 ιι

261 1802 320 1847 nec
350 1778 519 1844 inhumani
556 1799 647 1843 senes
678 1777 885 1844 tolerabilem
922 1782 1120 1843 senectutem
1157 1783 1269 1864 agunt,

261 1869 480 1953 inportunitas
508 1871 616 1932 autem
643 1871 677 1932 et
702 1866 924 1932 inhumanitas
953 1865 1041 1931 omni
1068 1866 1170 1931 aetati
1201 1889 1269 1932 mo·

231 1957 347 2021 lesta
368 1959 426 2020 est.

227 2061 243 2112 a
328 2044 472 2111 errrrs
507 2041 582 2125 nst,
604 2046 642 2107 ut
664 2042 757 2127 dicis,
784 2039 881 2128 Cato,
903 2042 961 2147 ped
982 2041 1123 2110 fortasse
1151 2043 1268 2110 dixerit

262 2132 423 2218 quispiam
454 2131 517 2195 tibi
547 2134 681 2216 propter
713 2152 791 2216 opes
819 2137 852 2196 et
879 2151 989 2217 copres
1013 2137 1046 2198 et
1073 2132 1267 2219 dignitatem
1281 2152 1308 2192 ιο

261 2227 352 2286 tuam
375 2218 631 2285 tolerabiliorem
653 2222 851 2284 senectutem
874 2220 991 2304 videri,
1013 2221 1046 2285 id
1069 2225 1179 2285 autem
1201 2243 1268 2287 non

261 2330 358 2396 posse
381 2308 493 2374 multis
516 2308 713 2394 contingere.

327 2397 416 2501 Uaro.
451 2397 514 2461 Est
535 2395 624 2461 istud
642 2395 780 2480 quidem,
798 2396 898 2480 Laeli,
921 2396 1053 2481 aliquid,
1072 2396 1128 2460 sed
1147 2418 1268 2482 nequa·

263 2508 359 2570 quam
382 2485 417 2551 in
434 2485 499 2550 isto
514 2488 590 2549 sunt
603 2484 721 2550 omnia
747 2481 794 2548 Ut
803 2484 1038 2549 Themistocles
1060 2484 1165 2549 fertur
1184 2483 1269 2550 Seri-

261 2573 339 2660 phio
363 2572 522 2644 cuidam
512 2593 547 2636 ιιι
572 2572 679 2657 iurgio
706 2572 924 2656 respondisse,
956 2595 1030 2638 curn
1052 2573 1108 2638 ille
1135 2573 1269 2639 dixisset
1283 2592 1308 2634 ιι

261 2682 327 2726 non
342 2683 415 2725 eum
429 2682 497 2742 sua,
519 2660 575 2724 sed
588 2658 714 2761 patriae
729 2659 836 2746 gloria
851 2660 1055 2745 splendorem
1068 2662 1269 2727 adsecutum.

263 2747 351 2815 Nec
377 2746 562 2831 hercule',
587 2747 706 2833 inquit,
740 2748 878 2835 siege
906 2747 1109 2835 Seriphius
1139 2772 1271 2833 essem,

262 2859 331 2903 nec
367 2841 410 2902 tu
446 2837 480 2901 si
511 2835 782 2920 Atheniensis,
814 2838 943 2903 clarus
971 2859 1147 2921 umquam
1175 2800 1271 2903 fuiss

263 2924 344 2991 see?
393 2923 487 3027 Quod
518 2924 630 2990 eodem
661 2924 759 2990 modo
796 2925 834 2990 de
860 2929 1027 3010 senectute
1056 2927 1119 2992 dici
1152 2930 1269 3012 potest.

261 3012 331 3081 Nec
355 3012 441 3078 enim
463 3013 499 3077 in
522 3035 648 3079 summa
665 3012 777 3097 inopia
794 3013 875 3078 levis
895 3036 965 3079 esse
988 3020 1136 3081 senectus
1160 3019 1270 3100 potest
1284 3033 1309 3073 ιο

262 3124 303 3168 ne
331 3100 470 3187 sapienti
498 3100 626 3185 quidem
661 3122 721 3166 nec
752 3101 920 3186 insipienti
952 3103 1091 3168 etiam
1080 3125 1116 3168 ιιι
1144 3124 1271 3167 summa
1335 3125 1342 3138 ·

228 3188 814 3364 'llllffhhtflllaallllhll
832 3188 1272 3362 lffilrlllqltpltl

263 3371 342 3469 tum,
365 3388 447 3451 quae
470 3365 504 3430 in
527 3366 616 3431 omni
639 3369 746 3431 aetate
764 3367 880 3452 cultae,
902 3389 976 3432 cum
995 3366 1049 3431 diu
1067 3366 1271 3451 multumque

262 3455 391 3539 rixeris,
410 3454 563 3519 mirificos
579 3454 723 3520 ecferunt
735 3453 871 3538 fructus,
888 3476 954 3520 non
968 3455 1076 3520 solum
1089 3455 1167 3539 quia
1181 3477 1272 3521 num·
1286 3475 1312 3515 as

287 3564 361 3608 uam
384 3542 536 3607 deserunt
571 3564 612 3608 ne
639 3546 784 3608 extremo
816 3507 945 3628 quidem
976 3546 1124 3628 tempore
1153 3545 1271 3610 aetatis

262 3564 474 3713 dquamquam
501 3630 535 3695 id
562 3630 691 3716 quidem
718 3630 895 3697 maximum
919 3628 999 3719 est),
1030 3652 1143 3696 verum
1172 3634 1272 3699 etiam
