2950 4150
242 299 306 364 172
538 300 691 356 MELIUS
709 300 759 355 DE
776 299 940 356 AMICITIA

240 462 326 528 enim
349 483 550 547 generorum,
571 463 767 548 praesertim
788 463 880 527 inre
902 463 997 546 bona,
1019 483 1092 527 cum
1114 461 1245 528 difficile

240 554 303 634 est,
325 553 396 614 tum
417 573 458 614 ne
480 572 618 634 aequum
641 551 771 635 quidem
793 551 959 615 obsistere.

306 635 500 722 Saepissime
514 637 615 724 igitur
628 639 709 703 mihi
723 638 762 703 dc
777 638 920 704 amicitia
932 637 1090 724 cogitanti
1105 637 1244 703 maxime

240 725 321 791 illud
349 727 615 791 considerandum
642 727 745 792 videri
772 726 869 810 solet,
900 729 1010 790 utrum
1037 729 1172 810 propter
1198 727 1244 791 in·

240 814 451 879 becillitatem
474 818 572 897 atquc
594 814 737 900 inopiam
761 814 942 889 desiderata
963 814 1008 878 sit
1030 813 1186 899 amicitia,
1208 818 1245 879 ut
1270 834 1284 876 a

241 902 354 967 dandis
377 902 631 987 recipiendisque
653 902 779 968 meritis
803 902 888 986 quod
908 901 1044 986 quisque
1062 901 1169 967 minus
1187 924 1246 988 per

241 991 521 1143 {attulit
540 989 763 1144 demidii
786 989 1155 1144 lsltm'lldlld
1176 990 1246 1142 ‘tl

240 1129 405 1250 antiqiiior
423 1170 457 1230 ct
474 1101 692 1250 pulchrioilii
708 1101 815 1252 riragii
834 1102 989 1231 apnatura
1005 1165 1078 1250 ipsa
1099 1127 1245 1250 prdfecta

241 1255 306 1319 alia
332 1275 438 1319 causa.
483 1254 587 1320 Amor
613 1255 712 1334 enim,
744 1277 783 1320 ex
815 1276 878 1339 quo
908 1253 1051 1319 amicitia
1076 1254 1285 1319 nominatam

240 1347 300 1426 est,
317 1342 466 1427 princeps
481 1346 532 1407 est
545 1343 853 1408 aad-benivolentiam
866 1342 1130 1427 coniungendam
1159 1341 1245 1407 Nam

240 1431 400 1496 utilitates
426 1430 555 1514 quidem
578 1431 676 1496 etiam
700 1432 742 1496 ab
764 1432 805 1495 iis
823 1431 1045 1516 percipiuntur
1063 1452 1167 1516 saepe,
1190 1431 1246 1514 qui

241 1519 447 1584 simulatione
465 1519 626 1584 amicitiae
645 1520 796 1583 coluntur
809 1522 843 1582 et
857 1519 1069 1583 observantur
1088 1519 1245 1603 temporis

240 1629 347 1691 causa,
368 1606 403 1670 iu
425 1605 569 1671 amicitia
591 1610 700 1671 autem
721 1605 804 1670 nihil
826 1606 938 1670 fictum
961 1609 1020 1689 est,
1041 1604 1124 1668 nihil
1148 1606 1244 1671 simu·

240 1697 344 1760 latum
368 1697 413 1778 et,
441 1693 595 1779 quidquid
618 1698 681 1772 cst,
703 1692 736 1757 id
757 1697 808 1758 est
825 1698 993 1758 verum-et
1014 1693 1243 1758 voluntarium.
1258 1717 1284 1758 rs

189 1799 221 1848 2⁷
241 1783 445 1869 Quapropter
467 1805 487 1847 a
508 1786 627 1847 natura
648 1781 729 1847 mihi
750 1781 879 1847 ridetur
895 1781 1005 1867 potius
1024 1802 1121 1864 quam
1139 1783 1180 1846 ab
1198 1783 1245 1846 in·

240 1872 385 1957 digentia
408 1873 481 1936 orta
504 1871 660 1950 amicitia,
683 1870 899 1957 adplicatione
922 1869 1027 1956 magis
1050 1869 1150 1934 animi
1172 1892 1244 1935 cum

241 1960 381 2044 quodam
400 1979 495 2022 sensu
514 1960 644 2024 amandi
662 1982 760 2043 quam
777 1958 984 2044 cogitatione,
1007 1961 1164 2042 quantum
1185 1959 1246 2024 illa

240 2069 292 2114 ros
315 2046 469 2112 utilitatis
494 2050 579 2112 esset
600 2047 762 2113 habitura.
809 2045 901 2123 Quod
923 2046 1052 2133 quidem
1074 2048 1170 2131 quale
1193 2047 1245 2131 sit,

242 2136 340 2201 etiam
362 2135 397 2198 in
419 2134 533 2198 bestiis
556 2135 749 2219 quibusdam
777 2136 992 2201 animadverti
1013 2140 1135 2220 potest,
1163 2158 1245 2219 quse
1258 2159 1286 2198 sc

242 2247 280 2290 ex
304 2245 338 2287 se
359 2224 455 2287 natos
478 2223 526 2287 ita
549 2228 661 2288 amant
684 2224 725 2289 ad
747 2225 908 2308 quoddam
929 2227 1058 2308 tempus
1081 2229 1114 2287 et
1137 2224 1244 2289 abeis

241 2314 289 2378 its
312 2314 475 2389 amantur,
497 2315 534 2375 ut
556 2310 651 2378 facile
674 2334 785 2377 earum
809 2334 921 2377 sensus
944 2314 1108 2395 appareat
1153 2309 1245 2386 Quod

239 2402 275 2467 in
296 2398 427 2465 homine
449 2400 553 2465 multo
576 2405 627 2465 est
649 2400 845 2483 evidentius,
873 2399 1014 2483 primum
1041 2420 1080 2462 ex
1102 2420 1141 2464 es
1163 2400 1244 2464 cari-

240 2493 322 2572 tate,
351 2508 432 2570 qnae
460 2492 510 2551 est
537 2488 744 2553 internatus
771 2491 805 2553 et
831 2490 995 2570 parentes,
1027 2507 1109 2569 quae
1136 2487 1244 2552 dirimi

240 2576 304 2641 nisi
327 2575 513 2640 detestabili
536 2576 654 2641 scelere
676 2598 743 2641 non
767 2578 891 2660 potest3
918 2574 1030 2639 deinde
1057 2596 1131 2639 cum
1158 2576 1244 2641 simi·
1257 2597 1284 2637 aa

240 2665 282 2730 lis
297 2684 409 2728 sensus
428 2663 537 2727 extitit
556 2664 685 2747 amoris,
704 2663 733 2728 si
751 2662 891 2745 aliquem
909 2662 997 2727 nacti
1015 2683 1135 2746 sumus,
1153 2664 1243 2729 cuius

240 2774 314 2822 eum
336 2750 480 2816 moribus
504 2754 538 2817 ct
554 2754 672 2816 natura
689 2772 915 2837 congruamus,
937 2749 1024 2834 quod
1041 2750 1076 2814 in
1094 2772 1132 2816 eo
1151 2752 1244 2836 quasi

240 2842 350 2906 lumen
373 2839 504 2922 aliquod
526 2839 701 2925 probitatis
724 2843 759 2904 et
780 2839 910 2903 virtutis
936 2838 1117 2923 perspicere
1139 2841 1244 2906 videa·

188 2944 222 2994 28
241 2951 321 2995 mur.
366 2925 458 2992 Nihil
486 2932 536 2993 est
563 2928 649 2993 enim
674 2928 796 2993 virtute
824 2925 1009 3010 amabilius,
1035 2927 1131 3012 nihil,
1158 2928 1243 3012 quod

241 3016 346 3103 magis
369 3015 502 3081 adliciat
520 3016 561 3082 ad
575 3015 783 3102 diligendum,
805 3016 924 3100 quippe
942 3037 1016 3081 cum
1032 3020 1165 3101 propter
1182 3016 1244 3081 vir·
1256 3035 1284 3075 ca

240 3111 345 3173 tutem
368 3107 401 3169 ct
422 3105 620 3189 probitatem
644 3104 743 3169 etiam
766 3125 835 3187 cos,
864 3124 945 3188 quos
967 3126 1142 3187 numquam
1164 3103 1243 3168 vidi-

239 3192 479 3349 arants
491 3190 1045 3365 aduersarius
1055 3190 1243 3344 Iulum

240 3375 388 3456 usurpet,
410 3391 491 3455 quos
513 3391 689 3453 numquam
711 3370 851 3436 viderit?
875 3370 946 3453 quis
970 3370 1077 3432 autem
1100 3371 1165 3451 est,
1187 3368 1243 3451 qui

241 3458 452 3543 Tarquinium
474 3456 664 3544 Superbum,
688 3456 820 3545 qui‘Sp.
842 3456 1000 3539 Cassium,
1022 3452 1076 3540 Sp.
1089 3453 1244 3523 Maelium
1257 3474 1283 3517 aa

240 3570 307 3615 non
325 3547 451 3613 oderit?
488 3545 569 3613 Cum
587 3548 711 3613 duobus
730 3547 865 3613 ducibus
884 3545 922 3610 dc
940 3543 1076 3628 imperio
1094 3545 1129 3609 in
1145 3543 1244 3612 Italia

233 3640 290 3697 est
300 3634 512 3722 decertatum,
529 3636 655 3723 Pyrrho
670 3640 704 3701 et
716 3634 916 3718 Hannibale;
933 3635 975 3699 ab
993 3634 1097 3699 altero
1110 3637 1245 3721 propter
