2950 4150
243 313 304 378 166
540 311 691 368 castrus
708 262 758 367 un
775 313 940 370 AMICITIA

189 489 220 540 11
239 473 345 559 ipsum
368 475 508 539 amantis
531 478 590 540 est.
625 473 706 540 (lum
728 473 788 540 illo
809 497 886 541 vero
910 475 982 560 quis
1009 479 1108 561 neget
1129 479 1238 541 actum

239 583 309 628 esse
330 562 515 648 praeclare?
536 560 611 627 Nisi
637 563 731 646 enim,
754 563 838 647 quod
860 563 917 628 ille
939 563 1070 628 minime
1092 565 1238 649 putabat,

239 651 508 716 inmortalitatem
538 655 650 735 optare
676 651 789 735 vellet,
821 651 898 735 quid
924 672 990 716 non
1017 652 1152 737 adeptus
1180 657 1239 736 est,

240 739 325 823 quod
355 738 478 812 homini
508 739 559 804 fas
591 743 677 803 esset
708 739 843 825 optare?
880 739 935 822 qui
965 761 1124 805 summam
1148 762 1238 825 spem

168 854 169 859 ¹
240 826 369 911 civium,
402 849 498 911 quam
521 827 559 891 de
582 849 620 892 eo
642 827 707 892 iam
734 848 834 910 puero
861 827 1055 906 habuerant,
1084 829 1235 894 continuo
1262 846 1276 886 ε

240 915 425 981 adulescens
439 914 618 980 incredibili
632 916 752 980 virtute
769 915 943 999 superavit,
962 916 1017 999 qui
1035 917 1239 982 consulatum

239 1003 356 1087 petivit
377 1024 562 1086 numquam,
583 1003 689 1069 factus
712 1005 825 1069 consul
847 1009 897 1068 est
919 1002 979 1087 bis,
1001 1003 1142 1088 primum
1163 1009 1239 1070 ante

240 1095 382 1177 tempus,
403 1092 522 1157 iterum
544 1092 607 1156 sibi
631 1113 689 1157 suo
712 1096 871 1177 tempore,
897 1091 946 1155 rei
966 1092 1114 1177 publicae
1136 1114 1238 1179 paene

240 1200 325 1263 sero,
356 1179 412 1263 qui
439 1179 562 1244 duabus
593 1180 728 1244 urbibus
760 1179 880 1246 eversis
906 1178 1136 1245 inimicissimis
1163 1181 1239 1246 huic

239 1266 375 1351 imperio
392 1288 459 1332 non
472 1267 567 1333 modo
580 1267 773 1354 praesentia,
790 1267 1015 1333 verumetiam
1027 1267 1138 1334 futura
1150 1268 1239 1334 bella
1254 1286 1279 1326 1⁰

240 1355 367 1420 delevit.
404 1353 487 1431 Quid
510 1356 614 1421 dicam
637 1357 675 1421 de
698 1356 842 1421 moribus
864 1356 1038 1441 facillimis,
1060 1357 1099 1422 de
1116 1357 1239 1442 pietate

239 1443 274 1508 in
295 1447 447 1528 matrem,
474 1444 670 1509 liberalitate
697 1445 732 1509 in
755 1465 894 1529 sorores,
923 1445 1070 1510 bonitate
1097 1445 1133 1509 in
1154 1467 1239 1529 suos,

239 1531 365 1596 iustitia
386 1531 422 1595 in
444 1532 576 1597 omnes?
598 1536 677 1596 nota
699 1535 776 1594 sunt
793 1533 895 1596 vobis.
941 1530 1044 1607 Quam
1067 1536 1175 1597 autem
1198 1534 1239 1598 ci-

180 1660 189 1666 --
224 1619 335 1707 ,uati
351 1639 442 1684 carus
460 1619 568 1696 fuerit,
588 1639 733 1683 maerore
747 1617 870 1683 timeris
883 1617 1060 1683 indicatum
1074 1602 1238 1711 esthuiI

209 1698 453 1794 [igiturlhunc
479 1728 655 1793 paucorum
687 1726 843 1790 annorum
871 1707 1010 1772 accessio
1042 1701 1278 1793 ruvereto-1⁵

239 1780 567 1861 tuissettmb‘enectus
596 1795 682 1860 enim
706 1786 860 1879 'quamvis
886 1794 1019 1859 nonsit
1047 1796 1169 1882 gravis,
1201 1801 1239 1861 ut

240 1885 371 1949 memini
385 1882 541 1973 Catonem
555 1905 639 1949 anno
658 1887 743 1968 ante,
766 1905 863 1979 Qu
876 1886 927 1948 est
939 1886 1095 1968 mortuus,
1113 1905 1238 1949 mecum

237 1975 281 2125 pt
296 1994 367 2075 cum
391 1955 539 2124 Sc'ipibqe
562 1972 726 2056 disserere,
748 1969 862 2125 ῐιῖιὶιὲιιο
882 1970 988 2076 aufert
1006 1993 1078 2037 eam
1096 1971 1238 2126 rigidita-

170 2076 220 2126 '¹²
238 2082 944 2259 tt’qtrtttemptante
965 2058 1084 2258 iffi,
1098 2083 1138 2214 ir
1154 2083 1238 2214 etl
1251 2166 1278 2205 2,

238 2240 349 2323 posset
372 2238 529 2322 accedere,
551 2237 705 2327 mqrien'
730 2240 839 2322 autem
862 2242 991 2323 sensum
1014 2238 1161 2302 celeritas
1184 2238 1238 2302 ab·

200 2384 204 2389 .
239 2310 440 2411 stulit3lquo
464 2326 503 2391 de
526 2347 642 2413 genere
665 2316 781 2391 mortis
803 2317 933 2391 difficile
952 2324 1039 2389 dictu
1067 2329 1129 2408 est,
1161 2326 1236 2409 quid

238 2391 385 2480 homides
417 2414 632 2500 suspicentur,
662 2414 793 2497 videtis3
828 2413 890 2478 hoc
916 2434 991 2478 vere
1021 2416 1130 2477 tamen
1161 2413 1238 2479 licet

239 2504 351 2586 dicere,
373 2502 408 2567 P.
431 2501 573 2587 Scipioni
596 2525 634 2568 ex
656 2502 769 2567 multis
792 2501 917 2583 diebus,
940 2521 1020 2583 quos
1043 2500 1078 2565 in
1098 2500 1168 2566 rita
1190 2524 1237 2567 ce

239 2590 428 2655 leberrimos
455 2591 714 2674 laetissimosque
741 2588 871 2671 viderit,
897 2588 992 2653 illum
1019 2588 1103 2654 diem
1128 2590 1237 2655 claris·
1251 2604 1277 2646 2⁵

239 2679 356 2743 simum
381 2676 495 2764 trisse,
525 2701 622 2763 quom
646 2683 760 2743 senatu
782 2676 914 2741 dimisso
935 2677 1065 2742 domum
1087 2678 1237 2743 reductus

239 2766 279 2831 ad
301 2787 469 2850 vesperum
492 2770 542 2831 est
570 2789 589 2831 a
617 2767 765 2851 patribus
793 2764 1000 2849 conscriptis,
1026 2766 1147 2851 populo
1175 2766 1237 2831 Ro·

239 2875 349 2937 mano,
373 2854 467 2918 sociis
490 2858 523 2918 et
544 2853 683 2937 Latinis,
709 2854 813 2938 pridie
841 2875 937 2937 quam
960 2854 1096 2918 excessit
1120 2855 1237 2933 evita,

238 2948 275 3008 ut
298 2964 336 3007 ex
358 2944 427 3006 tam
450 2943 517 3007 alto
541 2942 709 3028 dignitatis
737 2941 840 3027 gradu
866 2940 907 3006 ad
934 2960 1069 3025 superos
1090 2942 1238 3008 rideatur

199 3032 315 3141 4deos
338 3029 446 3114 potius
470 3052 566 3115 quam
589 3030 630 3094 ad
651 3029 773 3094 inferos
795 3028 987 3114 pervenisse.
1250 3045 1277 3086 eo

189 3156 220 3207 η
304 3117 417 3201 Neque
440 3117 525 3183 enim
543 3117 708 3182 adsentior
725 3118 776 3201 iis,
798 3116 854 3202 qui
870 3117 950 3183 haec
965 3140 1068 3202 nuper
1081 3117 1237 3182 disserere

238 3210 421 3293 coeperunt,
441 3228 512 3271 cum
527 3206 714 3290 corporibus
729 3206 826 3270 simul
846 3205 970 3270 animos
988 3205 1121 3270 interire
1139 3208 1237 3289 atque

240 3296 347 3362 omnia
369 3298 474 3359 morte
497 3294 609 3379 deleri3
630 3294 703 3378 plus
723 3295 808 3379 apud
831 3316 883 3359 me
906 3294 1112 3377 antiquorum
1131 3297 1237 3358 aucto·

238 3386 318 3450 ritas
341 3384 438 3467 valet,
460 3384 512 3449 vel
533 3385 720 3448 nostrorum
743 3383 911 3467 maiorum,
934 3381 989 3466 qui
1010 3380 1148 3445 mortuis
1168 3385 1237 3447 tam

238 3472 392 3559 religiosa
414 3473 486 3538 iura
507 3472 698 3557 tribuerunt,
721 3472 807 3556 quod
829 3491 896 3535 non
911 3469 1065 3535 fecissent
1081 3469 1237 3555 profecto,
1251 3486 1277 3529 ³⁶

238 3562 267 3626 si
287 3561 370 3626 nihil
394 3561 435 3626 ad
458 3583 512 3626 eos
532 3560 692 3645 pertinere
710 3560 956 3641 arbitrarentur,
973 3558 1026 3623 vel
1044 3578 1164 3645 eorum,
1183 3559 1238 3644 qui

223 3648 263 3707 in
278 3650 345 3712 hac
362 3653 453 3714 terra
470 3650 603 3715 fuerumt
621 3670 837 3734 magnamque
853 3645 1031 3732 Graeciam,
1054 3668 1136 3733 quae
1153 3669 1239 3716 nunc
