2950 4150
512 306 588 361 CAP.
609 313 713 362 16-18
757 312 772 373 δ
791 313 905 362 56-68.
1149 312 1211 374 153

207 469 351 553 eorporis
375 470 588 551 ornatumque
610 467 775 532 Persicum
798 467 902 532 multo
931 490 1009 533 auro
1037 469 1210 554 multisque

207 556 344 643 gemmis
381 555 512 620 dixisse:
555 554 659 620 ‘Rite
695 577 784 621 vero
821 560 872 639 te,
909 553 1018 640 Cyre,
1056 558 1210 623 beatum

205 643 350 725 ferunt,
370 644 550 727 quoniam
567 644 710 708 virtuti
728 647 816 708 tuae
834 643 993 709 fortuna
1007 645 1211 712 coniuncta

206 732 286 797 est.'
323 731 393 797 Hac
416 732 518 817 igitur
539 731 672 797 fortuna
693 731 759 796 frui
782 733 858 796 licet
879 733 1018 816 senibus,
1040 756 1098 800 nec
1121 739 1211 799 aetas
1230 752 1264 802 so

180 819 355 905 simpedit,
380 841 443 904 quo
468 819 573 884 minus
598 824 631 884 et
653 826 834 885 ceterarum
856 843 963 884 rerum
987 825 1020 886 et
1041 822 1076 885 in
1098 823 1211 907 primis

207 908 278 993 egri
301 908 426 974 colendi
449 908 556 974 studia
580 912 747 973 teneamus
770 930 871 992 usque
894 908 935 973 ad
957 911 1109 974 ultimum
1134 914 1211 975 tem-

206 1018 266 1082 pus
286 996 469 1062 senectutis.
501 996 544 1061 M.
563 996 692 1080 quidem
710 995 879 1061 Valerium
897 995 1073 1062 Corvinum
1093 999 1198 1082 accepi

207 1107 278 1150 mus
298 1085 339 1149 ad
357 1085 566 1149 centesimum
586 1106 706 1149 annum
724 1084 921 1169 perduxisse,
944 1107 1018 1151 oum
1036 1089 1122 1150 esset
1140 1090 1213 1151 acta

206 1173 271 1238 iam
291 1177 397 1238 aetate
415 1173 450 1237 in
469 1173 557 1257 agris
577 1194 695 1256 eosque
714 1174 847 1255 colaret3
865 1173 954 1237 cuius
968 1174 1053 1238 inter
1071 1175 1212 1259 primum

167 1280 191 1319 ro
207 1265 240 1326 et
263 1265 390 1324 sextum
414 1261 618 1325 consulatum
642 1281 697 1325 sex
720 1265 753 1324 et
776 1261 992 1345 quadraginta
1015 1262 1091 1325 anni
1115 1263 1211 1328 inter·

205 1349 345 1413 fuerunt.
390 1347 456 1431 Ita,
488 1352 645 1430 quantum
678 1348 820 1432 spatium
852 1349 970 1412 aetatis
1002 1350 1140 1414 maiores
1172 1351 1212 1414 ad

207 1436 382 1501 senectutis
410 1435 540 1500 initium
570 1456 639 1500 esse
665 1438 851 1519 voluerunt,
882 1440 994 1501 tantus
1021 1437 1072 1500 illi
1101 1458 1212 1501 cursus

205 1525 366 1590 honorum
383 1523 460 1607 fuit3
483 1528 579 1607 atque
602 1523 696 1588 huius
720 1528 865 1588 extrema
888 1529 977 1589 aetas
1001 1524 1062 1590 hoc
1087 1526 1213 1590 beatior

207 1635 305 1697 quam
328 1611 446 1696 media,
474 1612 560 1695 quod
583 1613 787 1677 auctoritatis
810 1613 953 1677 habebat
975 1614 1063 1698 plus,
1090 1613 1212 1678 laboris

168 1718 192 1760 u
206 1701 326 1784 minus;
353 1721 434 1785 apex
457 1703 507 1764 est
530 1704 637 1764 autem
661 1701 835 1766 senectutis
858 1701 1044 1766 auctoritas.
1085 1701 1212 1776 Quanta
1231 1717 1262 1766 61
1286 1729 1315 1743 „-

205 1789 268 1853 fuit
290 1789 325 1853 in
347 1787 381 1853 L.
406 1785 545 1853 Caecilio
568 1787 712 1872 Metello,
734 1792 857 1872 quanta
878 1790 913 1852 in
934 1789 975 1853 A.
994 1788 1097 1853 Atilio
1122 1788 1212 1854 Cala·

205 1877 288 1942 tino!
307 1877 341 1940 in
361 1898 456 1960 quem
474 1875 556 1939 illud
575 1877 728 1962 elogium:
749 1876 872 1941 ‘Hunc
890 1898 1004 1941 unum
1022 1877 1211 1960 plurimae

207 1964 456 2029 consentiunt
487 1968 623 2049 gentes
656 1965 791 2049 populi
828 1963 1054 2048 primarium
1089 1963 1211 2029 fuisse

206 2050 349 2117 virum?
381 2050 505 2116 Notum
525 2056 574 2117 est
593 2075 722 2118 carmen
739 2052 876 2118 incisum
894 2052 929 2117 in
951 2052 1106 2137 sepulcro.
1138 2051 1211 2118 Iure

167 2142 307 2227 sigitur
331 2140 455 2226 gravis,
483 2141 572 2207 ouius
601 2141 638 2205 de
666 2142 816 2205 laudibus
844 2142 987 2206 omnium
1015 2146 1101 2205 esset
1122 2141 1211 2206 fama

206 2229 419 2294 consentiens.
461 2226 562 2303 Quem
585 2230 691 2293 virum
713 2251 817 2313 nuper
838 2228 874 2293 P.
898 2227 1061 2313 Crassum,
1084 2230 1211 2314 pontifi-

206 2339 275 2383 cem
294 2318 479 2400 maximum,
498 2338 593 2400 quem
612 2320 726 2401 postea
739 2317 781 2380 M.
794 2316 961 2401 Lepidum,
980 2318 1091 2382 eodem
1110 2340 1211 2383 sacer·
1330 2379 1332 2382 ,

207 2404 295 2469 dotio
323 2405 519 2490 praeditum,
546 2404 696 2469 vidimus!
744 2404 827 2479 Quid
855 2405 893 2469 de
916 2404 1018 2470 Paulo
1047 2409 1104 2470 aut
1127 2405 1211 2469 Afri-

206 2514 287 2558 cano
314 2493 430 2576 loquar
452 2497 522 2577 aut,
548 2493 674 2557 utiam
697 2495 787 2576 ante,
815 2492 853 2557 de
880 2492 1045 2558 Maximo?
1075 2515 1211 2577 quorum

166 2597 192 2638 *ὁ
205 2602 272 2645 non
294 2580 329 2643 in
351 2580 512 2645 sententia
536 2582 655 2665 solum,
684 2582 741 2645 sed
768 2582 867 2646 etiam
890 2582 924 2645 in
945 2586 1027 2646 nutu
1049 2583 1212 2647 residebat

206 2668 392 2734 auctoritas.
436 2668 546 2733 Habet
569 2673 714 2734 senectus
742 2670 902 2735 honorata
924 2671 1116 2755 praesertim
1141 2676 1211 2736 tan·

205 2762 274 2822 tarn
298 2757 538 2840 auctoritatem,
564 2761 601 2821 ut
630 2780 667 2831 ea
688 2758 793 2842 pluris
817 2758 860 2822 sit
885 2780 980 2837 quam
1004 2779 1114 2822 omnes
1138 2760 1211 2823 adu-

205 2844 379 2920 lescentiae
401 2846 595 2929 voluptates.
641 2843 703 2909 Sed
728 2846 763 2909 in
786 2848 874 2911 omni
897 2845 1043 2910 oratione
1072 2868 1210 2911 meman-
1223 2826 1263 2948 15}

205 2937 276 2997 tote
304 2953 376 2996 eam
402 2954 453 2997 me
481 2936 678 2998 senectutem
705 2934 851 3018 laudare,
884 2955 965 3017 quae
992 2932 1210 2998 fundamentis

166 3037 193 3078 ³⁰
206 3020 442 3086 adulescentiae
461 3021 639 3086 constituta
657 3022 708 3086 sit.
744 3022 794 3088 Ex
813 3044 876 3105 quo
901 3021 1047 3105 efficitur,
1069 3023 1102 3086 id
1126 3021 1211 3105 quod

206 3130 267 3194 ego
291 3129 410 3193 magno
434 3109 596 3192 quondam
614 3132 686 3175 cum
705 3131 839 3174 assensu
858 3109 1002 3173 omnium
1021 3110 1095 3193 dixi,
1118 3130 1210 3174 muse

205 3219 276 3262 ram
309 3218 379 3262 esse
412 3201 621 3283 senectutem,
659 3220 740 3282 quae
775 3221 808 3263 se
841 3197 987 3262 oratione
1020 3196 1211 3261 defenderet.

205 3283 281 3349 Non
312 3285 384 3350 cani
415 3307 472 3350 nec
504 3306 604 3369 rugae
638 3290 769 3370 repente
807 3285 1034 3350 auctoritatem
1070 3283 1211 3367 arripere

205 3377 352 3458 possunt,
375 3374 430 3437 sed
453 3373 587 3438 honeste
612 3377 683 3437 acta
707 3373 853 3458 superior
874 3376 964 3437 aetas
981 3371 1105 3436 fructus
1124 3371 1211 3455 capit

165 3478 190 3520 ce
206 3462 410 3527 auctoritatis
440 3465 609 3525 extremos.
653 3460 743 3526 Haec
770 3461 856 3525 enim
883 3459 956 3545 ipsa
978 3463 1054 3524 sunt
1075 3458 1212 3523 honora·
1230 3474 1262 3524 ss

205 3549 299 3634 bilia,
327 3571 408 3633 quae
436 3548 585 3613 videntur
612 3547 695 3612 levia
719 3552 816 3632 atque
844 3546 1039 3629 communia,
1066 3546 1211 3630 salutari,

206 3637 332 3723 adpeti,
360 3636 481 3721 decedi,
504 3634 649 3719 adsurgi,
673 3635 798 3719 deduci,
820 3633 944 3719 reduci,
966 3634 1112 3714 consulis
1131 3657 1218 3714 uuae
