2950 4150
604 273 625 338 1,
643 271 677 326 11.
705 278 720 338 s
741 279 851 326 ro-rs.
1173 272 1235 337 201

226 453 299 495 rum
323 431 469 515 aliamue,
493 433 548 516 qui
571 423 762 499 marmoreis
785 435 881 499 tectis
905 434 1001 499 ebore
1025 439 1058 498 et
1081 455 1159 498 auro
1177 432 1237 497 ful·

226 519 395 606 gentibus,
419 521 473 604 qui
497 521 614 606 signis,
638 523 693 606 qui
717 523 852 606 tabulis,
876 523 930 607 qui
954 524 1079 587 caelato
1104 543 1182 586 auro
1206 525 1239 584 ct

226 612 374 694 argento,
398 609 454 693 qui
477 607 655 674 Corinthiis
679 611 831 696 operibus
855 611 1035 692 abundant,
1058 632 1099 675 au
1123 608 1158 675 Ο.
1180 607 1238 673 Fa·

226 696 323 779 brici,
356 697 412 780 qui
438 696 521 761 nihil
549 700 665 762 habuit
698 720 824 782 eorum,
861 699 943 762 nihil
976 699 1096 763 habere
1126 698 1239 780 voluit,

199 785 353 850 asimiles
375 785 502 850 malint.
543 787 652 870 Atque
676 787 755 851 haec
779 787 917 870 quidem,
943 809 1025 870 quae
1049 787 1144 851 modo
1168 787 1239 868 huc,
1262 803 1290 850 rc

228 873 325 938 modo
352 873 432 939 illuc
458 875 713 957 transferuntur,
742 874 838 940 facile
866 875 980 941 adduci
1008 875 1113 939 solent
1141 880 1178 939 ut
1205 875 1238 939 in

228 961 322 1026 bonis
346 963 443 1027 rebus
466 984 536 1026 esse
554 967 684 1048 negent,
707 963 788 1026 illud
809 968 878 1027 arte
896 969 1009 1028 tenent
1028 967 1239 1045 accurateque

229 1048 417 1128 defendunt,
453 1051 657 1135 voluptatem
690 1073 760 1115 esse
793 1073 953 1116 summum
986 1053 1121 1134 bonum;
1158 1071 1240 1134 quae

229 1137 359 1222 quidem
377 1137 459 1202 mihi
476 1161 540 1203 vox
558 1140 715 1223 pecudum
734 1139 862 1203 videtur
881 1161 959 1221 esse,
978 1163 1043 1205 non
1062 1139 1239 1205 hominurn.

188 1245 216 1285 ιο
229 1225 288 1310 Tu,
305 1248 378 1291 cum
397 1226 459 1291 tibi
478 1227 546 1291 sive
566 1227 643 1291 deus
658 1228 726 1291 sive
746 1233 859 1311 mater,
877 1233 914 1291 ut
933 1229 980 1292 ita
999 1229 1113 1311 dicam,
1132 1249 1238 1292 rerum

229 1315 374 1380 omnium
396 1318 516 1380 natura
539 1316 664 1379 dederit
687 1315 846 1398 animum,
876 1337 939 1398 quo
967 1315 1048 1379 nihil
1077 1322 1127 1380 est
1150 1337 1239 1399 prae

230 1403 370 1468 stantius
393 1425 497 1487 neque
521 1403 670 1487 divinius,
693 1404 738 1468 sic
762 1409 795 1468 te
818 1404 887 1488 ipse
911 1403 1030 1468 abicies
1053 1407 1150 1487 atque
1169 1425 1240 1488 pro-

229 1495 365 1575 sternes
387 1495 425 1555 ut
447 1492 529 1555 nihil
553 1492 638 1556 inter
660 1496 693 1556 te
715 1496 813 1576 atque
832 1493 916 1556 inter
936 1491 1163 1576 quadripedem
1185 1491 1241 1556 ali·

230 1603 328 1666 quam
355 1583 450 1664 putes
478 1580 656 1646 interesse?
702 1579 881 1665 Quicquam
908 1582 1030 1645 bonum
1058 1586 1124 1662 est,
1155 1579 1240 1663 quod

192 1687 216 1727 ra
231 1690 297 1734 non
320 1690 407 1751 eum,
431 1668 485 1752 qui
509 1669 541 1732 id
565 1669 724 1753 possidet,
747 1669 913 1734 meliorem
936 1669 1039 1734 facit?
1086 1667 1132 1733 Ut
1155 1668 1241 1732 enim
1263 1684 1293 1735 ιδ

230 1762 281 1821 eat
312 1757 448 1842 quisque
481 1757 620 1821 maxime
652 1758 728 1820 boni
761 1757 939 1840 particeps,
966 1756 1014 1821 ita
1049 1761 1099 1820 est
1132 1756 1240 1821 laudu-

229 1846 306 1910 bilis
334 1845 488 1927 maxime3
517 1866 620 1927 neque
648 1849 697 1909 est
725 1845 829 1908 ullum
856 1845 991 1928 bonum,
1019 1845 1057 1908 da
1086 1866 1148 1928 quo
1175 1866 1240 1909 non

230 1934 268 2018 is,
292 1933 398 2017 quiid
417 1933 546 2016 habeat,
569 1933 705 1997 honeste
723 1933 831 2016 possit
849 1933 993 2019 gloriari.
1030 1931 1111 2008 Quid
1132 1936 1240 1997 autern

231 2025 282 2087 est
299 2023 416 2087 horum
435 2022 469 2085 in
487 2021 679 2106 voluptate?
702 2021 910 2088 melioremne
930 2021 1030 2088 elficit
1053 2028 1110 2087 aut
1133 2022 1241 2088 lauda·

191 2131 216 2170 ro
231 2111 381 2176 biliorem
404 2110 532 2175 virum?
561 2132 601 2175 an
631 2110 801 2194 quisquam
825 2111 859 2174 in
881 2111 1043 2195 potiendis
1067 2112 1240 2196 voluptati-

231 2200 292 2263 bus
321 2199 491 2285 gloriando
520 2220 553 2263 se
581 2203 614 2263 et
643 2198 883 2282 praedicatione
915 2199 1037 2264 ecfert?
1083 2201 1185 2282 Atqui
1214 2199 1240 2263 si

232 2288 398 2372 voluptas,
426 2308 508 2371 quaa
535 2287 750 2370 plurimorum
773 2286 962 2370 patrociniis
986 2285 1181 2369 defenditur,
1209 2287 1240 2350 in

232 2377 328 2441 rebus
351 2376 445 2440 bonis
469 2375 617 2440 habenda
639 2396 705 2439 non
724 2378 787 2455 ast,
809 2396 909 2457 eaque
929 2396 992 2459 quo
1008 2379 1058 2438 est
1073 2375 1184 2457 maior,
1205 2395 1241 2438 ao

192 2571 219 2611 ,ὁ
232 2468 508 2617 hltzthtlt
527 2461 1243 2617 tilbeththlltltltttt

233 2645 320 2706 recte
343 2640 460 2705 vivere.

552 2832 858 2900 PARADOXON
882 2834 923 2898 II.

314 2938 385 3007 'Ovs
408 2936 574 3026 αὐτάρκης
597 2935 618 3024 ἡ
642 2934 743 3024 ἀρετὴ
767 2937 851 3023 πρὸς
874 2936 1101 3023 εὐδαιμονίαν.

300 3082 368 3149 Neo
395 3104 472 3148 vero
497 3102 557 3167 ego
580 3082 622 3146 M.
646 3082 807 3166 Regulum
836 3101 1061 3146 aerumnosum
1086 3101 1143 3144 nec
1166 3079 1243 3143 infc-
1265 3097 1297 3146 ra

192 3190 219 3229 ³⁰
233 3173 330 3238 licem
347 3194 406 3237 nec
425 3171 578 3236 miserum
597 3192 751 3253 umquam
769 3170 891 3255 putavi.
922 3168 998 3234 Non
1016 3170 1101 3234 enim
1121 3170 1244 3252 magni·

234 3262 313 3326 tudo
341 3260 442 3325 animi
469 3259 672 3323 cruciabatur
700 3258 768 3323 eius
796 3281 816 3323 a
838 3258 969 3341 Poenis,
996 3279 1061 3322 non
1089 3256 1244 3343 gravitas,

233 3371 299 3414 non
322 3349 416 3432 fides,
438 3369 504 3412 non
528 3346 724 3430 constantia,
747 3369 812 3411 non
835 3349 904 3412 ulla
927 3348 1046 3428 virtus,
1069 3367 1136 3410 non
1159 3345 1244 3409 deni·

235 3460 296 3521 que
320 3438 447 3502 animus
470 3436 549 3520 ipse,
573 3436 627 3519 qui
650 3439 701 3499 tot
723 3436 881 3501 virtutum
905 3434 1064 3520 pracsidio
1087 3438 1244 3518 tantoque

235 3526 406 3604 comitatu,
434 3546 507 3590 cum
530 3545 646 3608 corpus
670 3525 738 3588 eius
762 3529 947 3610 caperetur,
970 3523 1041 3607 capi
1065 3528 1151 3588 certe
1174 3523 1245 3607 ipse

194 3632 219 3671 ³⁵
233 3636 299 3681 non
316 3614 434 3699 potnit.
471 3612 505 3677 0.
523 3634 601 3677 vero
620 3611 759 3676 Marium
778 3614 929 3691 vidimus,
953 3612 1006 3693 qui
1031 3612 1110 3676 mihi
1136 3633 1244 3678 socun-
