2950 4150
238 303 303 366 202
644 299 842 353 PARADOXA

240 464 288 527 dis
311 463 407 527 rebus
427 484 509 527 unus
529 485 567 526 ex
585 461 762 526 fortunatis
781 461 978 542 hominibus,
1002 460 1146 524 adversis
1164 482 1248 523 unus

239 574 277 616 ex
302 551 435 615 summis
459 551 538 615 viris
561 549 746 633 videbatur,
777 570 840 633 quo
866 549 995 613 beatius
1023 570 1093 612 esse
1116 548 1249 612 mortali

189 657 220 705 ιι
238 640 320 704 nihil
344 643 462 724 potest.
498 637 622 720 Nescis,
645 639 766 720 insane,
789 638 903 722 neseis,
927 642 1065 721 quantas
1085 637 1169 700 vires
1188 637 1250 699 vir-

239 733 292 793 tus
311 728 446 811 habeat,
468 749 586 792 nomen
604 730 734 791 tantum
753 726 884 790 virtutis
907 747 1055 810 usurpas,
1078 725 1155 808 quid
1177 724 1251 809 ipsa

239 817 361 898 valeat,
388 817 529 901 ignoras.
574 813 679 879 Nemo
707 819 817 899 potest
842 836 908 879 non
938 814 1147 879 beatissimus
1171 835 1251 896 esse,
1278 830 1291 869 ⁵

240 905 296 988 qui
324 909 374 969 est
402 909 491 969 totus
520 907 616 988 aptus
644 925 682 966 ex
710 925 794 986 sese,
827 903 945 987 quique
974 903 1009 966 in
1037 924 1071 966 se
1098 924 1162 966 uno
1192 924 1251 966 sua

239 993 333 1078 ponit
360 993 479 1058 omnia
523 991 584 1057 Oui
612 1012 685 1075 spes
714 992 819 1056 omnis
847 997 880 1056 et
909 991 994 1056 ratio
1027 995 1060 1055 et
1091 991 1250 1076 cogitatio

239 1081 358 1167 pendet
382 1104 420 1146 ex
442 1081 588 1163 fortuna,
610 1079 686 1144 huie
708 1080 792 1143 nihil
815 1084 925 1164 potest
948 1101 1018 1144 esse
1041 1080 1136 1162 eerti,
1158 1079 1251 1161 nihil,

240 1170 326 1253 quod
341 1170 546 1254 exploratum
561 1169 680 1232 habeat
694 1190 942 1252 permansurum
961 1168 1024 1232 sibi
1042 1190 1142 1232 unum
1157 1168 1250 1232 diem.

240 1258 324 1323 Eum
348 1262 384 1322 tu
407 1258 573 1322 hominem
595 1261 727 1339 terreto,
751 1257 779 1320 si
803 1279 897 1340 quem
921 1257 984 1322 eris
1007 1260 1155 1338 nanetus,
1176 1256 1250 1320 istis
1266 1274 1292 1313 ιο

240 1347 356 1412 mortis
381 1351 438 1411 aut
461 1346 550 1410 exilii
572 1345 678 1410 minis.
717 1343 800 1409 Mihi
823 1367 899 1409 vero
923 1345 1075 1428 quicquid
1099 1344 1252 1410 acciderit

240 1436 274 1499 in
297 1440 367 1499 tam
389 1435 521 1520 ingrata
543 1435 642 1499 civita
622 1439 684 1516 ate,
706 1455 748 1497 ne
770 1434 934 1498 recusanti
952 1434 1082 1535 quidem
1100 1433 1253 1515 evenerit,

240 1545 307 1588 non
329 1523 425 1587 modo
450 1525 541 1622 [non]
554 1523 771 1673 trepugnanti
812 1520 895 1596 Quid
918 1522 1004 1586 enim
1023 1543 1084 1608 ego
1104 1521 1252 1586 laboravi

242 1615 299 1676 aut
322 1611 399 1694 quid
422 1611 488 1696 egi,
512 1614 568 1674 aut
590 1611 625 1673 in
648 1632 710 1692 quo
734 1610 932 1710 evigilarunt
955 1632 1050 1675 curae
1073 1614 1107 1674 et
1129 1609 1250 1695 eogita-

241 1701 347 1764 tiones
370 1721 474 1781 meae,
502 1698 660 1782 siquidem
685 1697 768 1761 nihil
792 1698 903 1782 peperi
926 1699 1006 1781 tale,
1033 1697 1116 1762 nihil
1140 1720 1248 1763 conse
1267 1717 1292 1756 ιι

242 1792 335 1854 cutus
360 1810 445 1871 sum,
472 1791 509 1851 ut
537 1809 574 1852 eo
599 1790 687 1850 statu
711 1808 828 1869 essem,
858 1807 954 1870 quem
976 1809 1079 1871 neque
1101 1786 1252 1851 fortunae

191 1893 223 1942 18
242 1877 409 1941 temeritas
424 1897 527 1959 neque
542 1875 746 1940 inimieorum
765 1874 979 1940 labefactaret
997 1875 1137 1939 iniuria?
1168 1874 1252 1939 Mor·

242 1970 350 2029 temne
374 1964 454 2029 mihi
482 1963 659 2046 minitaris,
689 1968 726 2028 ut
754 1963 885 2028 omnino
913 1965 955 2028 ab
983 1963 1183 2048 hominibus,
1211 1986 1252 2027 an

243 2053 385 2137 exilium,
407 2056 445 2117 ut
468 2053 509 2117 ab
533 2051 679 2136 inprobis
703 2051 950 2139 demigrandum
973 2052 1042 2117 sit?
1077 2051 1167 2117 Mors
1189 2056 1253 2116 ter-

242 2142 348 2206 ribilis
372 2141 421 2224 iis,
446 2162 583 2224 quorum
606 2162 678 2205 cum
701 2141 771 2205 vita
793 2142 903 2206 omnia
923 2142 1165 2227 extinguuntur,
1187 2163 1253 2205 non
1267 2160 1294 2198 ιο

242 2232 297 2315 iis,
330 2252 467 2314 quorum
494 2230 566 2293 laus
594 2230 696 2294 emori
724 2251 791 2294 non
823 2234 945 2314 potest,
978 2230 1111 2294 exilium
1142 2233 1252 2294 autem

242 2319 319 2397 illis,
345 2319 462 2403 quibus
486 2317 579 2401 quasi
602 2318 863 2402 circumscriptus
887 2322 937 2382 est
959 2317 1130 2382 habitandi
1152 2319 1252 2401 loeus,

242 2430 308 2473 non
327 2407 376 2491 iis,
400 2406 456 2490 qui
474 2428 602 2471 omnem
622 2407 733 2470 orbem
753 2411 913 2471 terrarum
932 2429 1031 2470 unam
1049 2407 1163 2471 urbem
1182 2428 1252 2470 esse

243 2497 371 2566 ducunt,
418 2494 463 2559 Te
491 2495 652 2577 miseriae,
684 2499 717 2559 te
751 2516 923 2559 aerumnae
952 2499 1105 2579 premunt
1132 2516 1253 2579 omnes,

244 2585 299 2668 qui
322 2589 356 2648 te
378 2584 523 2662 beatum,
547 2584 603 2665 qui
628 2587 661 2647 te
689 2583 859 2648 florentem
880 2587 993 2667 putas,
1024 2590 1051 2647 te
1072 2587 1148 2647 tuae
1171 2584 1252 2648 lubi·
1267 2602 1293 2641 ιι

244 2674 334 2737 dines
362 2675 529 2756 torquent,
560 2676 597 2734 tu
625 2671 692 2735 dies
720 2677 895 2756 noctesque
923 2672 1090 2754 cruciaris,
1116 2672 1168 2736 cui
1194 2693 1253 2736 nee

244 2765 296 2826 sat
319 2763 383 2843 est,
407 2761 492 2844 quod
516 2764 579 2842 est,
607 2764 640 2824 et
662 2761 695 2824 id
717 2761 826 2845 ipsum
848 2782 888 2824 ne
911 2782 977 2825 non
1000 2760 1186 2824 diuturnum
1209 2760 1255 2824 sit

243 2850 403 2931 futurum,
434 2849 544 2931 times,
578 2852 612 2912 te
640 2849 855 2914 eonscientiae
883 2849 1055 2913 stimulant
1081 2848 1254 2913 maleficio·

244 2961 316 3003 rum
344 2943 489 3020 tuorum,
520 2941 553 3001 te
585 2942 691 3001 metus
723 2938 910 3001 exanimant
936 2937 1128 3002 iudiciorum
1156 2942 1254 3020 atque

244 3028 368 3113 legum,
397 3029 597 3110 quocumque
621 3025 812 3109 adspexisti,
839 3029 877 3089 ut
899 3025 1002 3090 furiae
1026 3025 1072 3091 sie
1095 3030 1170 3091 tuae
1192 3025 1254 3090 tibi
1268 3043 1295 3081 so

245 3118 418 3181 occurrunt
432 3115 578 3197 iniuriae,
601 3136 682 3198 quae
697 3118 729 3177 te
749 3114 912 3198 suspirare
931 3113 1032 3178 libere
1050 3135 1116 3178 non
1135 3115 1253 3178 sinunt.

195 3220 224 3268 ιι
245 3203 349 3279 Quam
372 3203 414 3267 ob
438 3224 520 3285 rem,
549 3206 586 3265 ut
613 3203 752 3287 inprobo
776 3206 809 3266 et
832 3203 934 3266 stulto
958 3205 991 3266 et
1013 3202 1112 3266 inerti
1134 3200 1255 3265 nemini

244 3294 326 3357 bene
354 3313 424 3356 esse
451 3294 574 3376 potest,
601 3290 648 3355 sie
674 3291 779 3354 bonus
802 3290 853 3354 vir
880 3294 914 3354 et
941 3290 1070 3375 sapiens
1098 3293 1131 3353 et
1157 3289 1254 3354 fortis

245 3402 343 3445 miser
360 3402 430 3444 esse
448 3400 543 3443 nemo
558 3381 676 3462 potest.
702 3377 770 3442 Nec
784 3399 871 3461 vero,
890 3379 1005 3462 quoius
1019 3378 1122 3441 virtus
1136 3398 1255 3442 mores-

246 3492 307 3553 que
331 3467 484 3533 laudandi
507 3470 593 3550 sunt,
616 3467 684 3531 eius
707 3487 773 3531 non
796 3467 957 3531 laudanda
980 3466 1049 3529 vita
1069 3469 1128 3547 est,
1151 3488 1255 3550 neque
1269 3485 1295 3522 ιι

228 3580 339 3633 porro
371 3556 529 3639 fugienda
561 3555 630 3619 vita
662 3558 726 3638 est,
763 3576 845 3638 quae
877 3554 1039 3619 laudanda
1070 3557 1134 3636 est3
1171 3559 1256 3620 esset

214 3644 332 3700 autern
357 3644 530 3730 fugienda,
555 3645 586 3709 si
611 3640 700 3712 esset
723 3644 854 3711 misera.
889 3641 1152 3721 Quamobrem,
1172 3645 1257 3726 quio
