2950 4150
527 277 602 334 cAP.
624 284 736 336 rr-ra.
770 283 918 345 sec-ro.
1160 277 1224 340 185

283 439 405 504 llxistit
428 444 537 505 autem
559 441 621 506 hoc
643 440 716 506 loco
742 439 901 525 quaedam
928 440 1075 523 quaestio
1104 438 1223 503 subdif-
1236 411 1275 536 ἒξ

218 528 321 612 ficilis,
343 550 421 594 num
444 529 571 612 quando
596 529 692 594 amici
713 529 799 613 novi,
822 528 913 615 digni
934 528 1087 612 amicitia,
1108 528 1223 592 reteri·

217 618 277 682 bus
302 617 368 681 sint
390 616 620 702 anteponendi,
647 621 685 682 ut
713 617 804 701 equis
832 616 949 681 vetulis
979 621 1107 681 teneros
1136 619 1223 680 ante·

216 726 335 790 ponere
358 706 509 771 solemus.
539 705 679 792 Indigna
698 705 829 771 homine
848 705 1020 770 dubitatio!
1043 703 1120 769 Non
1138 704 1223 768 enim

190 793 336 858 edebant
359 814 429 859 esse
452 794 669 859 amicitiarum
692 793 777 859 sicut
799 793 938 858 aliarum
962 815 1071 858 rerum
1094 793 1224 857 satieta-

217 885 283 966 tes,
305 883 479 947 veterrima
501 904 659 967 quaeque,
687 886 724 947 ut
748 903 787 946 ea
808 882 898 965 vina,
921 903 1003 965 quae
1025 885 1223 946 vetustatem

216 970 338 1055 ferunt,
370 992 440 1035 esse
473 971 568 1035 debet
600 970 807 1053 suavissima3
844 991 1019 1054 verumque
1050 969 1131 1034 illud
1164 973 1223 1050 est,

217 1059 303 1143 quod
326 1059 451 1142 dicitur,
473 1059 594 1124 multos
618 1058 743 1123 modios
767 1058 845 1122 salis
869 1059 965 1122 simul
985 1057 1125 1124 edendos
1144 1078 1223 1138 esse,

216 1151 254 1212 ut
277 1147 439 1212 amicitiae
462 1169 578 1212 munus
602 1147 766 1231 expletum
790 1147 842 1210 sit.
873 1145 1047 1212 Novitates
1066 1150 1175 1211 autem
1195 1146 1223 1209 si
1243 1165 1275 1215 aa

178 1256 203 1293 ro
218 1257 309 1320 spem
333 1235 495 1318 adferunt,
521 1239 558 1300 ut
579 1239 747 1319 tamquam
770 1234 937 1299 inberbis
961 1256 1027 1299 non
1051 1234 1223 1300 fallacibus

216 1323 342 1388 fructus
366 1327 535 1407 appareat,
558 1344 624 1387 non
646 1327 721 1387 sunt
745 1322 822 1386 illae
845 1322 975 1406 quidem
998 1322 1224 1407 repudiandae,

218 1414 364 1475 vetustas
396 1414 506 1474 tamen
538 1432 596 1476 suo
629 1411 700 1476 loco
732 1410 965 1494 conservanda3
1001 1411 1143 1474 maxima
1174 1413 1226 1474 est

219 1499 306 1563 enim
328 1499 378 1563 vis
401 1500 574 1563 vetustatis
599 1503 631 1563 et
652 1499 902 1565 consuetudinis.
940 1496 1024 1574 Quin
1042 1500 1113 1583 ipso
1132 1519 1225 1582 equo,

218 1588 308 1653 euius
340 1586 436 1652 modo
463 1587 525 1653 feci
557 1586 768 1672 mentionem,
800 1589 829 1652 si
860 1587 952 1652 nulla
979 1608 1030 1652 res
1058 1586 1224 1672 impediat,

179 1694 203 1735 15
216 1696 312 1741 nemo
340 1678 403 1758 est,
436 1676 514 1760 quin
541 1698 592 1760 eo,
624 1698 688 1761 quo
712 1676 893 1760 consuerit,
925 1675 1080 1739 libentius
1111 1678 1225 1739 utatur

218 1786 315 1849 quam
338 1763 515 1830 intractato
538 1767 572 1828 et
589 1786 683 1830 novo,
717 1763 787 1829 Nec
809 1785 886 1829 vero
914 1764 948 1828 in
975 1763 1051 1845 hoe,
1070 1763 1156 1848 quod
1175 1767 1225 1826 est

218 1853 348 1935 animal,
372 1852 427 1916 sed
450 1852 485 1916 in
506 1853 547 1916 iis
571 1852 679 1936 etiam,
702 1874 784 1937 quae
808 1855 884 1916 suut
906 1851 1066 1934 inanima,
1095 1871 1224 1916 consue

217 1941 296 2006 tudo
323 1940 424 2022 valet,
456 1962 554 2023 quom
587 1941 664 2005 locis
691 1940 773 2024 ipsis
801 1939 1011 2023 delectemur,
1043 1940 1225 2004 montuosis

218 2030 317 2095 etiam
350 2031 383 2093 et
414 2028 632 2112 silvestribus,
663 2028 697 2092 in
730 2028 847 2113 quibus
880 2028 1000 2094 diutius
1033 2029 1224 2095 commorati

178 2137 204 2177 su
219 2139 338 2183 sumus.

284 2204 347 2270 Sed
369 2206 546 2270 maximum
565 2207 667 2270 estin
685 2206 829 2271 amicitia
849 2228 962 2290 parem
982 2227 1052 2271 esse
1070 2205 1224 2271 inferiori.
1244 2224 1277 2273 aa

219 2293 320 2379 Saepe
349 2294 435 2359 enim
462 2293 670 2359 excellentiae
703 2294 861 2378 quaedam
894 2297 983 2375 sunt,
1015 2293 1122 2378 qualis
1155 2300 1225 2358 erat

219 2380 377 2467 Scipionis
400 2383 435 2446 in
456 2386 584 2467 nostro,
613 2386 650 2447 ut
673 2383 721 2447 ita
743 2382 862 2464 dicam,
885 2402 992 2467 grege.
1037 2380 1225 2465 Numquam

219 2493 253 2535 se
275 2471 333 2535 ille
355 2470 464 2555 Philo,
486 2493 663 2556 numquam
690 2470 837 2554 Rupilio,
863 2491 1041 2552 numquam
1068 2469 1225 2535 Mummio

178 2577 204 2617 aa
219 2559 414 2644 anteposuit,
432 2580 609 2643 numquam
627 2558 789 2623 inferioris
809 2558 932 2623 ordinis
951 2558 1072 2637 amicis,
1095 2555 1132 2633 Q.
1148 2580 1225 2624 vero

218 2646 395 2712 Maximum
417 2647 567 2732 fratrem,
594 2648 761 2734 egregium
784 2647 890 2711 virum
913 2646 1057 2730 omnino,
1088 2646 1151 2712 sibi
1172 2670 1225 2712 ne

219 2758 381 2820 quaquam
404 2757 530 2821 parem,
562 2736 647 2819 quod
675 2736 702 2799 is
731 2736 878 2800 anteibat
908 2738 1028 2817 aetate,
1058 2739 1225 2820 tamquam
1332 2737 1334 2742 ’

219 2824 418 2908 superiorem
441 2824 569 2890 colebat
592 2845 732 2908 suosque
757 2844 867 2889 omnes
890 2845 949 2908 per
972 2844 1006 2887 se
1029 2844 1124 2907 posse
1155 2846 1225 2889 esse

219 2911 392 2995 ampliores
416 2913 557 2978 volebat
591 2910 683 2987 Quod
700 2912 882 2977 faciendum
900 2911 1156 2996 imitandumque
1175 2916 1226 2977 est
1245 2930 1278 2978 ro

176 2999 381 3083 nomnibus,
409 3003 458 3082 ut,
487 3000 515 3063 si
538 3022 635 3085 quam
657 3001 895 3085 praestantiam
922 3000 1068 3085 virtutis,
1095 3001 1226 3085 ingenii,

216 3087 366 3154 fortunae
390 3088 553 3153 consecuti
577 3089 655 3171 sint,
687 3090 866 3174 inpertiant
892 3111 931 3153 ca
957 3089 1023 3153 suis
1052 3088 1226 3154 communi·

217 3180 352 3260 centque
376 3198 449 3242 cum
471 3176 637 3261 proximiS,
660 3181 706 3261 ut,
730 3178 759 3242 si
780 3177 971 3262 parentibus
993 3177 1064 3241 nati
1085 3178 1151 3241 sint
1169 3176 1226 3241 hu·

218 3265 358 3349 milibus,
383 3265 412 3330 si
434 3266 634 3350 propinquos
656 3266 800 3330 habeant
822 3265 1023 3331 inbecilliora
1046 3264 1098 3329 vel
1118 3264 1225 3330 animo

217 3353 267 3417 vel
292 3353 438 3433 fortuna,
467 3375 578 3418 eorum
606 3358 748 3439 augeant
776 3375 854 3439 opes
882 3353 992 3437 eisque
1014 3352 1132 3418 honori
1160 3353 1227 3418 sint

177 3458 202 3499 ω
217 3445 250 3505 et
273 3441 435 3527 dignitati
480 3440 527 3507 Ut
554 3442 587 3506 in
610 3442 701 3507 fabul
716 3464 745 3526 s,
783 3443 838 3526 qui
866 3440 1065 3526 aliquamdiu
1092 3445 1227 3527 propter

196 3529 454 3615 ignorationem
478 3530 590 3616 stirpis
619 3535 652 3596 et
680 3531 807 3617 generis
835 3530 870 3594 in
896 3528 1058 3594 famulatu
1085 3528 1226 3614 fuerunt,

216 3639 288 3683 cum
312 3617 436 3704 cogniti
460 3622 593 3684 suntet
620 3623 677 3685 aut
704 3620 837 3685 deorum
866 3622 923 3682 aut
950 3637 1064 3702 regum
1091 3618 1151 3683 lilii
1181 3620 1224 3682 iu·
