2950 4150
245 293 307 358 186
541 291 762 347 pelemusca
781 291 947 346 AMICITIA

242 455 339 538 venti,
362 455 502 519 retinent
524 459 634 518 tamen
658 455 827 519 caritatem
850 454 885 517 in
907 459 1064 539 pastores,
1090 476 1171 539 quos
1194 478 1249 540 pa·

242 548 309 608 tres
341 544 462 607 multos
495 565 597 608 annos
630 564 700 606 esse
730 542 898 609 duxenmt.
944 541 1036 618 Quod
1063 548 1113 607 est
1145 544 1249 609 multo

241 631 386 717 profecto
411 631 516 717 magis
539 631 573 695 in
596 630 681 695 reris
704 630 853 715 patribus
877 631 1037 714 certisque
1058 631 1249 697 faciendum.

242 720 377 785 Fructus
397 720 482 784 enim
500 719 622 805 ingenii
641 723 674 783 et
691 719 824 783 virtutis
843 720 1010 803 omnisque
1028 720 1249 804 praestantiae

242 813 320 960 tumf
339 829 508 873 maxumus
537 807 677 892 capitur,
708 829 781 872 cum
803 808 838 872 in
865 829 1058 892 proxumum
1091 831 1249 894 quemque
1276 826 1289 867 ὅ

243 919 303 962 con
318 900 415 960 artur.

190 946 233 1072 ἕξ)
309 984 355 1050 Ut
378 985 480 1070 igitur
502 985 535 1067 ii,
559 985 614 1069 qui
632 987 708 1049 sunt
726 983 762 1047 in
776 983 937 1049 amicitiae
952 985 1250 1069 coniunctionisque

242 1073 477 1138 necessitudIne
496 1073 687 1156 superiores,
706 1093 884 1155 exaequare
904 1094 1026 1137 secum
1042 1072 1249 1139 inferioribus

243 1163 369 1237 debent,
394 1161 439 1226 sic
462 1161 630 1226 inferiores
654 1182 719 1225 non
738 1159 846 1225 dolere
866 1181 900 1224 se
919 1183 938 1224 a
957 1162 1023 1225 suis
1043 1166 1100 1226 aut
1118 1162 1249 1248 ingenio

243 1254 300 1314 aut
322 1250 454 1314 fortuna
477 1253 534 1314 aut
557 1249 716 1334 dignitate
740 1249 895 1332 superari.
938 1247 1081 1324 Quorum
1104 1251 1249 1335 plerique
1265 1270 1289 1308 ιο

244 1342 300 1403 aut
323 1342 501 1422 queruntur
531 1359 657 1421 semper
685 1337 808 1421 aliquid
837 1341 893 1401 aut
921 1338 1019 1402 etiam
1043 1340 1250 1422 exprobrant,

243 1448 344 1511 eoque
368 1427 486 1511 magis,
514 1426 542 1490 si
564 1426 685 1490 habere
713 1447 747 1489 se
774 1429 905 1510 putant,
937 1426 1023 1510 quod
1051 1426 1194 1492 officiose
1217 1433 1250 1492 et

243 1516 345 1579 amice
369 1518 401 1577 et
424 1536 496 1579 cum
518 1514 631 1579 labore
650 1512 759 1597 aliquo
779 1535 836 1578 suo
855 1513 978 1579 factum
998 1519 1117 1599 queant
1137 1516 1248 1581 dicere.

244 1603 399 1667 Odiosum
424 1624 500 1666 sane
524 1623 625 1688 genus
648 1602 816 1666 hominum
840 1601 946 1667 officia
971 1605 1251 1689 exprobrantium3

245 1713 326 1776 quae
350 1691 533 1754 meminisse
557 1690 712 1772 debetis,
736 1690 770 1753 in
793 1711 889 1773 quem
912 1691 1042 1755 conlata
1066 1697 1155 1775 sunt,
1182 1714 1249 1758 non
1264 1711 1288 1750 1⁵

190 1799 223 1847 72
244 1801 504 1862 commemorare,
528 1778 583 1862 qui
605 1777 753 1844 contulit.
791 1776 895 1853 Quam
919 1780 960 1842 ob
983 1801 1061 1863 rem,
1083 1785 1121 1845 ut
1138 1781 1171 1864 ii,
1194 1782 1251 1866 qui

244 1868 425 1953 superiores
449 1871 533 1950 sunt,
557 1866 759 1931 summittere
783 1887 817 1930 se
841 1867 958 1931 debent
976 1867 1010 1931 in
1029 1869 1181 1951 amicitia,
1204 1869 1250 1935 sic

244 1956 383 2041 quodam
402 1955 497 2020 modo
516 1955 686 2020 inferiores
706 1955 870 2020 extollere.
903 1953 985 2020 Sunt
1004 1957 1090 2021 enim
1110 1958 1249 2042 quidam,

245 2045 298 2129 qui
321 2045 477 2108 molestas
502 2044 660 2109 amicitias
685 2043 820 2126 faciunt,
848 2065 920 2109 cum
943 2044 1007 2129 ipsi
1030 2067 1064 2110 se
1087 2048 1250 2112 contemni

243 2137 374 2218 putant3
406 2132 492 2216 quod
519 2155 584 2198 non
610 2132 677 2196 fere
705 2132 867 2218 contingit
894 2133 958 2197 nisi
985 2134 1039 2217 iis,
1072 2136 1127 2219 qui
1150 2136 1249 2201 etiam
1264 2154 1289 2192 ²⁰

244 2222 495 2287 contemnendos
519 2242 553 2285 se
581 2221 799 2303 arbitrantur3
832 2223 887 2304 qui
918 2222 979 2286 hac
1007 2222 1157 2307 opinione
1184 2246 1250 2289 non

191 2328 224 2377 ⁷3
244 2311 338 2375 modo
361 2310 484 2393 verbis,
508 2310 684 2374 sedetiam
708 2331 805 2393 opere
828 2309 956 2373 levandi
980 2314 1064 2375 sunt.
1109 2310 1248 2377 Tantum

244 2404 352 2465 autem
376 2399 489 2483 cuique
512 2398 728 2480 tribuendum,
751 2398 892 2482 primum
915 2403 1072 2482 quantum
1092 2399 1162 2484 ipse
1181 2402 1250 2466 cffi-

244 2510 314 2553 cere
336 2487 457 2573 possis,
481 2487 593 2551 deinde
617 2487 716 2551 etiam
740 2490 896 2570 quantum
919 2486 989 2570 ille,
1013 2509 1108 2571 quem
1132 2488 1250 2575 diligas

244 2581 340 2660 atque
365 2575 505 2658 adiuves,
528 2575 696 2640 sustinere.
742 2572 818 2638 Non
841 2574 927 2638 enim
949 2596 1052 2659 neque
1075 2580 1113 2641 tu
1133 2578 1249 2662 possis,
1263 2596 1288 2637 rs

244 2664 392 2748 quamvis
416 2663 564 2744 excellas,
587 2684 698 2727 omnes
718 2666 793 2727 tuos
813 2662 853 2725 ad
871 2663 1011 2729 honores
1030 2665 1250 2749 amplissimos

243 2752 424 2836 perducere,
447 2755 484 2817 ut
507 2749 614 2836 Scipio
637 2750 672 2814 P.
694 2750 862 2836 Rupilium
885 2752 994 2836 potuit
1016 2755 1181 2819 consulem
1205 2755 1250 2819 ef-

244 2841 347 2923 ficere,
369 2838 506 2904 fratrem
526 2840 594 2904 eius
608 2838 643 2903 L.
662 2861 727 2904 non
742 2840 857 2924 potuit.
890 2837 1012 2914 Quodsi
1030 2842 1130 2905 etiam
1143 2843 1250 2927 possis

244 2928 371 3014 quidvis
395 2927 518 2992 deleme
542 2928 582 2991 ad
605 2929 754 3010 alterum,
776 2927 948 2992 videndum
967 2932 1018 2994 est
1035 2933 1155 3013 tamen,
1174 2932 1251 3015 quid

243 3018 299 3082 ille
323 3017 427 3100 possit
451 3017 617 3080 sustinere.
1264 3037 1290 3076 ar

191 3124 224 3174 rs
310 3105 447 3168 Omnino
472 3104 633 3169 amicitiae
656 3104 879 3169 conroboratis
898 3106 964 3170 iam
987 3107 1251 3191 confirmatisque

244 3199 276 3259 ct
298 3193 436 3279 ingeniis
461 3197 493 3257 et
517 3193 678 3258 aetatibus
706 3192 895 3257 iudicandae
923 3198 1012 3275 sunt,
1040 3215 1111 3276 nec,
1144 3195 1251 3279 siqui

242 3284 374 3348 ineunte
398 3285 504 3346 aetate
527 3281 665 3346 venandi
689 3285 746 3346 aut
767 3281 854 3365 pilae
878 3281 1015 3347 studiosi
1032 3281 1172 3365 fuerunt,
1196 3305 1251 3348 eos

242 3372 362 3436 habere
386 3370 594 3452 necessarios,
618 3391 698 3454 quos
721 3374 792 3434 tum
816 3370 929 3434 eodem
952 3369 1059 3434 studio
1085 3370 1251 3454 praeditos

243 3460 433 3525 dilexerunt.
464 3457 535 3523 Isto
554 3459 639 3522 enim
653 3458 749 3523 modo
769 3457 910 3523 nutrices
930 3462 963 3522 et
980 3458 1165 3545 paedagogi
1182 3461 1252 3525 iure
1266 3478 1292 3518 es

242 3548 417 3613 vetustatis
450 3546 626 3633 plurimum
658 3547 896 3612 benivolentiae
930 3546 1160 3633 postulabunt3
1197 3550 1253 3634 qui

228 3635 433 3718 neglegendi
455 3636 585 3719 quidem
609 3656 676 3701 non
699 3639 790 3718 sunt,
819 3634 963 3700 sedulio
992 3635 1132 3720 quodam
1156 3638 1252 3703 modo
