2950 4150
538 289 614 344 aar.
636 296 676 354 rt,
697 295 737 346 rs.
775 295 924 355 sss-os.
1170 289 1232 354 183

228 455 333 520 iustae
352 453 529 518 amicorum
547 453 732 517 voluntates
752 451 951 516 adiuvandae
970 451 1044 534 sint,
1061 450 1096 515 in
1116 451 1232 534 quibus

228 565 339 608 eorum
358 546 414 607 aut
433 546 530 626 caput
548 544 666 627 agatur
685 545 742 606 aut
759 540 857 624 fama,
880 539 1103 604 declinandum
1123 538 1161 603 de
1179 540 1233 605 via

229 633 286 714 ait,
318 630 412 695 modo
443 651 484 695 ne
513 651 639 694 summa
665 628 834 712 turpitudo
863 632 1030 713 sequatur3
1061 631 1112 693 est
1139 627 1233 711 enim,

229 723 386 803 quatenus
410 718 570 783 amicitiae
594 717 663 782 dari
682 717 777 782 venia
794 717 907 801 possit.
943 714 1011 782 Nec
1029 737 1106 781 vero
1124 716 1232 801 negle-

202 807 334 892 sgenda
356 811 407 872 est
427 806 525 890 fama,
546 828 605 871 nec
629 805 788 870 mediocre
810 805 912 870 telum
936 804 977 868 ad
999 826 1051 868 res
1076 804 1232 890 gerendas

229 896 413 961 existimare
437 898 566 980 oportet
589 894 843 960 benivolentiam
865 893 997 976 civium,
1021 914 1118 977 quam
1141 893 1233 957 blan-

228 985 316 1048 ditiis
340 988 373 1049 et
396 983 593 1048 adsentando
617 982 771 1067 colligere
793 985 888 1066 turpe
911 985 976 1065 est,
1000 982 1113 1066 virtus,
1137 1003 1233 1065 quam

228 1072 373 1157 sequitur
401 1072 532 1155 caritas,
559 1071 690 1135 minime
713 1069 912 1154 repudianda
934 1074 992 1134 est.
1038 1067 1101 1133 Sed
1123 1067 1233 1154 (saepe
1252 1086 1285 1135 ct

228 1161 314 1225 enim
337 1160 431 1225 redeo
456 1159 498 1224 ad
517 1157 709 1243 Scipionem,
731 1158 821 1223 cuius
845 1158 949 1222 omnis
973 1179 1078 1222 sermo
1102 1162 1173 1223 erat
1195 1157 1234 1222 de

191 1269 215 1307 11
230 1247 387 1332 amicitia)
411 1248 616 1331 querebatur,
638 1246 724 1330 quod
747 1246 896 1311 omnibus
919 1247 953 1310 in
973 1247 1068 1311 rebus
1087 1246 1234 1311 homines

230 1336 452 1421 diligentiores
476 1339 597 1419 essent,
626 1356 741 1418 capras
765 1339 798 1399 et
821 1356 896 1400 oves
920 1338 1000 1417 quot
1023 1334 1157 1418 quisque
1180 1334 1234 1399 ha-

229 1423 335 1506 beret,
363 1423 466 1488 dicere
488 1444 597 1508 posse,
624 1423 746 1488 amicos
770 1426 850 1506 quot
871 1423 1023 1506 haberet,
1050 1444 1116 1487 non
1138 1444 1234 1508 posse

229 1512 343 1596 dicere,
366 1516 399 1576 et
421 1511 455 1576 in
477 1511 543 1576 illis
567 1511 696 1596 quidem
713 1510 867 1596 parandis
888 1511 1040 1575 adhibere
1059 1532 1178 1595 curam,
1201 1512 1235 1575 in

230 1600 341 1665 amicis
373 1599 530 1685 eligendis
561 1600 766 1686 neglegentis
798 1621 868 1664 esse
898 1621 957 1665 nec
989 1599 1108 1664 habere
1143 1600 1235 1684 quasi

190 1707 215 1747 1⁵
229 1690 324 1774 signa
347 1688 505 1772 quaedam
528 1692 561 1752 et
582 1693 688 1773 notas,
711 1688 828 1773 quibus
852 1709 916 1766 eos,
939 1688 995 1772 qui
1016 1687 1057 1753 ad
1075 1687 1235 1752 amicitias

229 1781 337 1842 essent
359 1777 476 1862 idonei,
498 1776 686 1842 iudicarent.
722 1775 806 1841 Sunt
823 1776 925 1862 igitur
943 1776 1028 1839 firmi
1049 1779 1082 1840 et
1100 1776 1235 1840 stabiles

229 1870 262 1930 et
288 1869 475 1931 constantes
504 1865 658 1951 eligendi;
688 1865 776 1929 cuius
805 1864 932 1950 generis
960 1868 1010 1928 est
1037 1885 1157 1950 magna
1182 1886 1235 1949 pe·

228 1954 330 2018 nuria.
375 1953 420 2018 Et
446 1953 587 2019 iudicare
616 1952 746 2018 difficile
774 1957 824 2017 est
856 1974 932 2017 sane
960 1952 1023 2017 nisi
1055 1957 1236 2037 expertum,

230 2041 457 2127 experiendum
490 2045 598 2107 autem
630 2046 680 2107 est
705 2042 741 2107 in
767 2041 839 2127 ipsa
867 2041 1019 2107 amicitia.
1062 2040 1116 2106 Ita
1143 2063 1236 2127 prae-

189 2150 214 2188 20
230 2132 331 2196 currit
359 2130 503 2195 amicitia
529 2130 683 2195 iudicium
707 2131 861 2213 tollitque
888 2129 1071 2215 experiendi
1093 2134 1235 2215 potesta·
1274 2193 1278 2201 ,

228 2224 304 2284 tem.
348 2219 411 2284 nst
438 2219 540 2304 igitur
566 2218 733 2303 prudentis
762 2218 920 2282 sustinere
946 2222 984 2282 ut
1013 2240 1156 2301 cursum,
1189 2219 1235 2284 sic
1254 2236 1287 2285 oa

228 2309 386 2392 impetum
417 2307 670 2389 benivolentiae,
706 2306 730 2387 's
763 2327 825 2389 quo
858 2310 988 2370 utamur
1020 2307 1113 2389 quasi
1145 2307 1235 2389 equis

229 2396 416 2480 temptatis,
453 2395 498 2460 sic
531 2395 675 2460 amicitia
706 2416 745 2458 ex
778 2394 887 2478 aliqua
918 2398 1011 2478 parte
1042 2394 1236 2478 periclitatis

229 2485 373 2549 moribus
402 2484 587 2549 amicorum.
633 2481 771 2558 Quidam
799 2504 894 2567 saepe
916 2482 952 2545 in
978 2504 1079 2565 parva
1101 2482 1236 2567 pecunia

190 2590 215 2630 ss
229 2573 468 2657 perspiciuntur
496 2594 593 2656 quam
620 2572 687 2637 sint
714 2571 817 2654 leves,
845 2571 975 2655 quidam
1003 2575 1127 2654 autem,
1155 2593 1235 2655 quos

228 2683 330 2746 parva
348 2681 477 2725 movere
495 2682 562 2726 non
579 2661 695 2745 potuit,
714 2663 953 2744 cognoscuntur
970 2659 1005 2723 in
1023 2681 1151 2745 magna.
1179 2657 1237 2723 Sin

230 2753 325 2813 erunt
345 2750 449 2833 aliqui
471 2749 601 2833 reperti,
624 2749 680 2832 qui
702 2747 871 2833 pecuniam
894 2746 1056 2832 praeferre
1075 2748 1236 2813 amicitiae

230 2837 394 2901 sordidum
417 2837 612 2920 existiment,
634 2836 691 2901 ubi
710 2858 765 2901 cos
783 2836 992 2921 inveniemus,
1015 2836 1070 2919 qui
1088 2837 1237 2919 honores,

230 2926 456 3009 magistratus,
483 2925 633 3010 imperia,
660 2928 853 3009 potestates,
881 2945 958 3009 opes
987 2924 1148 2989 amicitiae
1169 2946 1236 2989 non

189 3031 215 3071 ³0
230 3018 443 3097 anteponant,
471 3017 522 3098 ut,
552 3035 624 3078 cum
653 3035 691 3077 ex
718 3014 823 3077 altera
849 3016 942 3097 parte
965 3013 1135 3098 proposita
1157 3013 1237 3077 haec

229 3104 308 3185 sint,
337 3123 375 3165 ex
398 3102 501 3166 altera
524 3102 574 3165 ius
598 3101 772 3185 amicitiae,
799 3123 866 3166 non
888 3101 992 3165 multo
1014 3101 1074 3165 illa
1098 3101 1236 3165 malint?

228 3190 386 3255 Inbecilla
418 3190 504 3253 enim
535 3193 586 3254 est
616 3195 735 3256 natura
765 3189 805 3254 ad
832 3189 1098 3254 contemnendam
1125 3192 1236 3273 poten-

228 3279 322 3362 tiam3
351 3300 448 3361 quam
476 3278 605 3343 etiamsi
631 3279 782 3363 neglecta
809 3278 952 3343 amicitia
974 3277 1139 3343 consecuti
1161 3276 1236 3362 sint,

229 3368 437 3433 obscuratum
455 3367 497 3431 iri
516 3367 727 3449 arbitrantur,
747 3366 906 3449 quianon
924 3366 992 3431 sina
1007 3386 1127 3450 magna
1141 3386 1237 3430 causa

189 3472 214 3510 ³⁵
229 3456 272 3518 sit
294 3456 445 3541 neglecta
468 3455 619 3520 amicitia.
663 3453 780 3538 Itaque
802 3476 898 3520 verae
926 3453 1087 3519 amicitiae
1112 3453 1236 3518 difficil·
1256 3469 1288 3521 tt

228 3544 304 3607 lime
323 3544 528 3628 reperiuntur
546 3543 581 3608 in
598 3543 648 3629 iis,
667 3543 723 3627 qui
741 3543 776 3608 in
793 3542 971 3609 honoribus
990 3564 1087 3626 reque
1105 3542 1237 3627 publica

228 3635 412 3716 versantur,
448 3633 504 3697 ubi
541 3632 627 3697 enim
658 3632 760 3697 istum
793 3631 952 3715 invenias,
989 3631 1044 3714 qui
1080 3631 1236 3697 honorem
