2950 4150
539 288 616 344 csP.
637 296 750 345 rs-ar.
786 295 933 356 sco-rr.
1155 287 1216 354 187

210 451 410 517 aestimandi.
456 451 563 515 Aliter
586 450 748 516 amicitiae
775 451 911 516 stabiles
941 473 1130 536 permanere
1153 473 1219 517 non

210 543 356 624 possunt.
401 538 557 624 Dispares
590 539 675 603 enim
708 561 828 623 mores,
860 539 1003 624 disparia
1029 540 1137 605 studia
1169 562 1218 605 se-

211 632 362 712 quuntur,
386 649 522 713 quorum
541 626 771 692 dissimilitudo
791 628 945 692 dissociat
963 628 1137 712 amicitias,
1159 650 1218 694 nec

211 717 252 781 ob
277 717 375 781 aliam
398 738 529 782 causam
550 716 653 781 ullam
676 716 755 780 boni
772 716 939 801 improbis,
961 717 1103 801 improbi
1123 716 1217 781 bonis

183 826 196 864 s
212 805 308 870 amici
331 826 401 869 esse
422 825 489 869 non
511 808 658 889 possunt,
681 804 746 868 nisi
765 804 851 888 quod
868 808 963 868 tanta
982 809 1032 869 est
1050 806 1134 868 inter
1153 826 1218 886 eos,

211 897 334 977 quanta
356 893 499 957 maxima
521 896 734 977 potestesse,
757 915 884 957 morum
910 893 1154 976 studiorumque
1173 893 1218 957 dr·

211 981 342 1047 stantia.
386 980 486 1046 Recte
511 981 610 1046 etiam
632 980 776 1066 praecipi
802 985 912 1065 potest
938 981 974 1045 in
997 980 1158 1063 amicitiis,
1177 1003 1217 1045 na
1237 997 1269 1045 τε

210 1071 428 1154 intemperata
451 1068 609 1154 quaedam
631 1069 860 1153 benivolentia,
884 1069 969 1153 quod
992 1091 1146 1154 persaepe
1171 1069 1218 1153 fit,

171 1156 1219 1330 iaprillimsstltmfflltttalzttttmlttll’pl

210 1335 338 1417 tuisset,
361 1335 390 1398 si
403 1333 624 1417 Lycomedem,
648 1333 733 1418 apud
752 1355 848 1417 quem
867 1337 937 1397 erat
956 1332 1120 1417 educatus,
1137 1334 1218 1398 mul-

210 1423 254 1487 tis
285 1444 358 1486 cum
384 1421 527 1487 lacrimis
556 1421 620 1486 iter
648 1442 742 1486 suum
768 1421 998 1506 impedientem
1026 1421 1136 1486 audire
1162 1443 1219 1486 vo-

211 1511 335 1575 luisset.
366 1509 411 1574 Et
429 1531 525 1594 saepe
538 1509 685 1576 incidunt
703 1531 842 1595 magnae
860 1531 920 1593 res,
939 1513 976 1574 ut
993 1509 1219 1575 discedendum

214 1601 257 1663 sit
281 1599 321 1662 ab
346 1597 472 1684 amicis;
504 1620 584 1682 quas
613 1599 668 1683 qui
694 1599 850 1683 impedire
873 1598 959 1681 vult,
987 1598 1073 1682 quod
1096 1599 1218 1663 deside-

171 1706 197 1746 ra
211 1688 295 1751 rium
322 1708 388 1751 non
414 1686 509 1751 facile
542 1686 640 1771 ferat,
672 1688 700 1751 is
729 1691 762 1751 et
789 1687 936 1751 infirmus
965 1690 1015 1750 est
1045 1687 1218 1770 mollisque

210 1779 328 1840 natura
355 1779 388 1838 et
416 1775 457 1840 ob
485 1797 556 1839 eam
583 1775 689 1859 ipsam
717 1797 849 1840 causam
876 1775 911 1838 in
938 1775 1081 1839 amicitia
1103 1796 1218 1859 parum

210 1863 323 1928 iustus.
370 1862 479 1946 Atque
501 1863 536 1926 in
558 1864 647 1928 omni
669 1885 704 1927 re
727 1862 995 1928 considerandum
1014 1867 1073 1947 est,
1091 1866 1125 1927 et
1143 1863 1219 1947 quid
1238 1879 1272 1928 to

210 1951 356 2036 postules
380 1952 421 2015 ab
446 1951 549 2016 amico
573 1955 605 2014 ct
629 1951 706 2035 quid
727 1952 854 2035 patiare
878 1974 897 2016 a
920 1954 953 2014 te
975 1951 1154 2036 impetrari.

275 2039 338 2104 Est
359 2040 458 2104 ctiam
473 2039 630 2123 quaedam
649 2039 819 2105 calamitas
833 2040 868 2104 in
886 2039 1037 2105 amicitiis
1057 2040 1267 2105 nmirum-21

168 2148 197 2188 so
212 2129 262 2192 dis
285 2150 352 2193 non
373 2149 549 2211 numquam
572 2130 767 2211 necessaria3
790 2130 856 2193 iam
880 2130 965 2193 enim
985 2152 1004 2193 a
1023 2130 1218 2213 sapientium

210 2216 491 2281 familiaritatibus
502 2216 543 2279 ad
552 2216 704 2301 vulgares
716 2216 877 2281 amicitias
892 2217 996 2281 oratio
1010 2221 1125 2282 nostra
1134 2217 1219 2281 dela-

211 2307 308 2370 bitur.
330 2304 515 2389 Erumpunt
525 2325 620 2389 saepe
630 2305 711 2368 vitia
725 2305 903 2369 amicorum
917 2309 987 2367 tum
996 2304 1031 2367 in
1042 2304 1131 2388 ipsos
1143 2306 1219 2369 ami·

211 2415 275 2477 cos,
292 2398 364 2458 tum
381 2394 416 2457 in
435 2393 568 2475 alienos,
589 2414 726 2476 quorum
745 2396 856 2457 tamen
870 2392 911 2456 ad
925 2391 1046 2456 amicos
1062 2392 1220 2457 redundet

211 2481 354 2546 infamia
382 2481 476 2545 Tales
491 2481 592 2566 igitur
606 2481 768 2545 amicitiae
779 2484 855 2545 sunt
868 2480 1057 2545 remissione
1067 2502 1145 2544 usus
1155 2481 1219 2546 elu-

170 2588 197 2627 25
212 2569 312 2634 endae
331 2573 372 2651 et,
395 2573 432 2634 ut
455 2567 611 2635 (latonam
635 2570 740 2634 dicere
763 2568 880 2652 audivi,
903 2568 1092 2633 dissuendae
1114 2570 1219 2655 magis

213 2680 310 2742 quarn
321 2658 555 2741 discindendae,
564 2658 629 2722 nisi
643 2657 801 2742 quaedam
816 2656 989 2722 admodum
1002 2657 1219 2723 intolerabilis
1324 2686 1326 2688 ·

212 2747 330 2810 iniuria
353 2746 522 2830 exarserit,
549 2750 586 2810 ut
604 2768 708 2829 neque
726 2750 851 2811 rectum
864 2767 967 2829 neque
987 2746 1161 2811 honestum
1176 2747 1219 2811 sit

212 2856 270 2898 nec
292 2834 363 2898 fieri
384 2834 498 2919 possit,
521 2838 558 2899 ut
581 2855 647 2898 non
669 2834 782 2898 statim
806 2834 959 2898 alienatio
984 2834 1218 2918 disiunctioque

212 2922 363 2987 faciunda
389 2923 442 2986 sit.
487 2921 544 2987 Sin
572 2926 680 2986 autem
708 2926 765 2987 aut
793 2944 920 2987 morum
947 2926 1004 2986 aut
1036 2923 1218 2987 studiorum
1238 2937 1270 2987 77

172 3030 198 3069 ⁸0
213 3011 423 3075 commutatio
448 3010 618 3095 quaedam,
641 3015 678 3075 ut
700 3011 770 3075 fieri
794 3011 886 3091 solet,
908 3010 996 3075 facta
1019 3011 1081 3075 erit
1104 3014 1161 3075 aut
1184 3011 1219 3074 in

212 3100 259 3162 rei
290 3098 439 3184 publicae
470 3099 618 3182 partibus
650 3099 807 3164 dissensio
838 3099 1057 3164 intercesserit
1089 3097 1218 3182 (loquor

212 3188 297 3251 enim
320 3187 396 3270 iam,
419 3191 456 3251 ut
478 3187 575 3271 paulo
599 3191 675 3251 ante
699 3187 773 3270 dixi,
791 3209 856 3252 non
880 3187 917 3251 de
936 3187 1140 3273 sapientium,
1163 3186 1219 3251 sed

212 3275 250 3339 de
274 3275 495 3341 communibus
519 3274 698 3359 amicitiis),
721 3276 897 3340 cavendum
921 3277 996 3359 erit,
1018 3297 1059 3339 ne
1082 3296 1148 3339 non
1171 3296 1220 3339 so-

211 3366 280 3428 lum
297 3364 458 3430 amicitiae
473 3363 648 3449 depositae,
663 3363 833 3428 sedetiam
846 3363 1035 3429 inimicitiae
1050 3367 1219 3448 susceptae

172 3476 198 3518 ss
211 3451 390 3517 videantur.
426 3452 519 3517 Nihil
542 3456 593 3517 est
616 3453 702 3517 enim
725 3453 853 3537 turpius
877 3474 975 3535 quam
998 3473 1070 3517 cum
1094 3473 1131 3516 eo
1150 3452 1219 3516 bel-

213 3540 281 3604 lum
304 3562 425 3626 gerere,
448 3563 586 3626 quocum
608 3540 815 3605 familiariter
837 3540 965 3604 vixeris.
1002 3539 1055 3603 Ab
1076 3540 1220 3605 amicitia

212 3625 248 3703 Q.
262 3627 397 3712 Pompei
415 3651 487 3694 meo
504 3630 635 3694 nomine
656 3651 690 3694 ss
708 3632 903 3698 removerat.
925 3631 961 3690 ut
980 3627 1082 3705 scitis,
1097 3626 1230 3707 Scipicg
