2950 4150
522 313 597 368 cuP.
618 319 660 377 la,
679 319 720 367 so.
758 319 903 378 sos-re.
1153 311 1213 376 157

215 495 403 560 responsum
436 477 499 552 est,
535 495 608 539 eum
638 473 689 538 illi
721 475 900 557 quaerenti,
932 495 996 557 qua
1022 473 1153 538 tandem
1180 495 1215 538 re

213 562 315 628 fretus
339 562 402 627 sibi
425 567 494 626 tam
517 561 680 626 audaciter
703 561 889 644 obsisteret,
914 561 1117 644 respondisse
1141 560 1215 626 dici·

213 656 280 716 tur:
305 647 544 715 ‘Senectute'
576 647 639 713 Sed
661 649 790 714 vivendi
812 653 862 713 est
880 649 953 712 finis
973 649 1124 733 optimus,
1142 671 1215 714 cum

212 740 342 825 integra
356 741 463 803 mente
477 738 636 821 certisque
650 737 797 802 sensibus
812 759 891 821 opus
906 738 978 821 ipsa
992 758 1085 803 suurn
1095 737 1215 821 eadem,

187 845 295 911 equae
318 825 571 912 coagmentavit,
602 829 719 890 natura
747 825 904 889 dissolvit.
949 823 996 889 Ut
1021 847 1151 908 navem,
1178 829 1215 889 ut

213 915 393 981 aedificium
415 913 501 978 idem
523 913 660 978 destruit
681 913 849 995 facillime,
873 913 928 997 qui
950 914 1143 995 construxit,
1170 914 1215 977 sic

214 1002 377 1068 hominem
405 1001 516 1066 eadem
544 1001 679 1085 optime,
712 1023 793 1085 quae
820 1001 1070 1087 conglutinavit,
1098 1006 1215 1066 natura

214 1091 372 1156 dissolvit.
416 1089 486 1155 Iam
509 1089 614 1154 omnis
638 1089 873 1175 conglutinatio
896 1110 1006 1154 recens
1031 1110 1140 1174 aegre,
1169 1089 1215 1153 in·

213 1182 360 1243 veterata
377 1177 472 1243 facile
495 1177 668 1241 divellitur.
703 1177 756 1242 Ita
778 1178 829 1260 fit,
851 1180 888 1240 ut
910 1177 991 1241 illud
1013 1178 1110 1242 breve
1129 1177 1215 1242 vitae

176 1286 200 1326 ιο
214 1266 373 1349 reliquum
395 1287 454 1331 nec
473 1264 564 1330 aride
583 1264 797 1349 adpetendum
817 1265 946 1329 senibus
964 1287 1022 1330 nec
1036 1265 1104 1329 sine
1119 1286 1215 1330 eausa

215 1353 424 1418 deserendum
456 1353 512 1436 sit3
547 1356 699 1436 vetatque
728 1352 932 1438 Pythagoras
963 1352 1086 1417 iniussu
1118 1353 1215 1437 impe·
1234 1361 1268 1410 τι

216 1441 347 1524 ratoris,
375 1441 408 1505 id
432 1445 482 1505 est
503 1440 567 1524 dei,
591 1441 628 1505 dc
651 1441 812 1526 praesidio
836 1445 868 1505 et
891 1440 1032 1505 statione
1054 1440 1140 1505 vitae
1166 1441 1215 1504 de

215 1529 360 1612 cederes
370 1527 499 1594 Solonis
522 1528 650 1613 quidem
673 1529 829 1613 sapientis
852 1532 902 1593 est
925 1528 1076 1614 elogium,
1099 1550 1162 1611 quo
1182 1549 1216 1593 se

215 1621 314 1703 negat
336 1617 420 1682 velle
443 1639 535 1681 suam
558 1620 695 1682 mortem
719 1617 830 1682 dolore
850 1616 1027 1682 amicorum
1045 1621 1078 1681 et
1096 1618 1216 1681 lamen·

176 1725 201 1764 re
215 1706 258 1770 tis
276 1727 399 1770 vacare.
430 1703 518 1788 Volt,
541 1705 644 1788 eredo,
666 1727 700 1769 se
724 1726 794 1769 esse
817 1726 926 1770 earum
949 1705 1030 1786 suis3
1053 1702 1108 1768 sed
1130 1703 1215 1769 haud

217 1794 282 1859 seio
305 1815 347 1858 an
369 1792 485 1857 melius
508 1791 645 1856 Ennius:

259 1879 379 1946 Nemo
412 1902 467 1944 me
498 1880 680 1945 lacrumis
712 1879 866 1944 decoret
897 1901 1017 1962 neque
1048 1878 1185 1944 funera

956 1967 1057 2032 fletu

347 2056 469 2123 Furit.

216 2144 291 2212 Non
312 2149 422 2211 censet
441 2145 613 2231 lugendam
627 2166 696 2209 esse
711 2149 858 2226 mortem,
882 2166 979 2227 quam
997 2145 1215 2210 inmortalitas

177 2254 203 2293 so
216 2238 439 2318 consequatur.
469 2232 539 2298 Iam
563 2254 675 2297 sensus
699 2232 856 2296 moriendi
879 2232 995 2315 aliquis
1015 2254 1084 2297 esse
1098 2237 1216 2316 potest,
1236 2242 1267 2289 ⁷⁴

216 2321 306 2406 isque
329 2322 370 2387 ad
394 2322 544 2407 exiguum
566 2325 703 2404 tempus,
726 2320 918 2403 praesertim
940 2319 1018 2401 seni,
1040 2324 1115 2403 post
1133 2342 1215 2385 mor·

216 2414 282 2474 tem
305 2409 433 2493 quidem
457 2429 568 2474 sensus
592 2411 649 2473 aut
673 2407 833 2492 optandus
856 2409 913 2471 aut
937 2406 1045 2471 nullus
1065 2412 1122 2472 est.
1154 2406 1216 2472 Sed

216 2498 277 2563 hoc
299 2496 490 2562 meditatum
518 2497 559 2561 ab
592 2495 810 2562 adulescentia
836 2494 932 2559 debet
961 2515 1046 2580 esse,
1077 2501 1215 2561 mortem

216 2589 253 2650 ut
270 2586 491 2670 neglegamus,
514 2586 582 2649 sine
601 2606 665 2668 qua
682 2583 891 2649 meditatione
909 2583 1086 2667 tranquillo
1108 2585 1215 2650 animo

176 2691 202 2732 rs
216 2694 286 2825 osii
308 2693 402 2738 nemo
421 2676 539 2824 {otest
583 2671 784 2826 lgiorieiradurtn
808 2672 1001 2823 enimteerte
1025 2676 1087 2824 οῗ,
1115 2677 1149 2825 alt
1170 2674 1216 2775 in-

215 2782 251 2827 ce
284 2782 404 2826 uman
447 2782 574 2826 ociso
627 2781 652 2825 e.
719 2780 1108 2825 oremrrurommus
1151 2783 1216 2826 oris

179 2850 182 2856 ’
217 2848 440 2932 inpendentem
457 2784 573 2914 timdns
593 2848 649 2932 qui
665 2848 787 2933 poterit
800 2781 907 2912 enidro
926 2848 1122 2913 consistere?
1153 2848 1267 2914 Del'lll

217 2957 281 3020 qua
303 2956 368 3001 non
385 2935 433 3001 ita
449 2937 549 3022 longa
567 2936 785 3021 disputatione
804 2957 884 3020 opus
901 2956 971 3000 esse
990 2935 1125 3020 videtur,
1143 2958 1215 3002 cum

217 3024 365 3089 recorder
386 3045 452 3089 non
472 3025 508 3090 L.
531 3023 682 3108 Brutum,
712 3024 767 3109 qui
789 3024 823 3088 in
846 3023 1013 3105 liberanda
1034 3025 1143 3108 patria
1165 3027 1216 3087 est

177 3128 204 3170 eo
217 3110 419 3197 interiectus,
441 3134 507 3178 non
530 3114 609 3178 duos
622 3112 749 3196 Decios,
772 3112 827 3196 qui
841 3112 881 3176 ad
898 3112 1115 3177 voluntariam
1133 3133 1216 3175 mor·
1235 3119 1268 3167 '1⁶

216 3204 283 3265 tem
315 3221 443 3266 cursum
471 3223 625 3285 equorum
651 3201 881 3282 incitaverunt,
912 3221 977 3264 non
1004 3199 1046 3264 M.
1069 3198 1216 3281 Atilium,

216 3289 272 3372 qui
295 3288 336 3353 od
358 3289 553 3373 supplicium
570 3292 621 3352 est
638 3288 811 3372 profectus,
828 3291 866 3351 ut
883 3286 979 3350 fidem
997 3287 1085 3351 hosti
1106 3287 1215 3351 datam

216 3380 433 3460 conservaret,
460 3397 526 3442 non
549 3376 628 3441 duos
651 3374 831 3459 Scipiones,
858 3375 913 3459 qui
940 3375 1002 3439 iter
1024 3374 1140 3439 Poenis
1164 3376 1213 3439 vel

216 3464 404 3548 corporibus
419 3464 486 3529 suis
500 3465 667 3529 obstruere
680 3464 861 3545 voluerunt,
883 3482 950 3525 nou
964 3483 1060 3526 avum
1074 3465 1166 3526 tuum
1179 3462 1206 3527 L

176 3550 366 3636 aposlum,
399 3552 454 3635 qui
484 3556 589 3617 morte
616 3551 678 3615 luit
705 3550 850 3635 collegae
876 3550 911 3613 in
938 3546 1098 3614 Cannensi
1126 3552 1214 3636 igno

216 3639 316 3705 minis
333 3639 559 3715 temeritatem.
581 3660 647 3704 uon
664 3638 707 3704 M.
725 3638 923 3718 Marcellum,
941 3635 1030 3701 cuius
1047 3637 1220 3703 interitum
