2950 4150
558 316 633 374 οΑΡ.
652 323 730 374 4-a.
763 323 779 383 a
798 322 909 372 ra-ar.
1170 319 1232 384 169
1251 256 1256 270 Ι

228 480 334 543 itare
357 483 483 564 gerunt,
505 479 554 543 ita
575 479 698 563 vivunt,
720 482 758 544 ut
780 500 891 544 eorum
909 478 1064 562 probetur
1080 477 1169 562 fides,
1186 479 1233 543 in·

229 569 377 653 tegritas,
400 566 556 651 aequitas,
579 567 769 650 liberalitas,
790 588 849 632 nec
872 566 968 631 sitin
990 565 1037 630 eis
1059 567 1128 630 ulla
1147 568 1233 652 cupi-

231 656 325 737 ditas,
347 653 458 739 libido,
481 655 623 739 audacia,
646 655 775 738 sintque
798 675 918 739 magna
940 654 1132 738 constantia,
1154 654 1233 719 utii

230 743 373 826 fuerunt,
405 742 500 808 modo
531 765 612 827 quos
643 742 823 826 nominavi,
853 742 913 807 hos
936 742 1024 807 uiros
1053 742 1170 827 bonos,
1196 747 1234 807 ut

203 831 336 896 ambiri
359 834 447 914 sunt,
470 831 516 896 sic
539 830 638 895 etiam
661 829 872 915 appellandos
895 834 1059 916 putemus,
1088 831 1164 913 quia
1186 852 1232 895 se-

231 923 380 1003 quantur,
399 923 554 1002 quantum
572 919 719 984 homines
737 922 883 1003 possunt,
905 922 1057 984 naturam
1075 918 1233 1002 optimam

229 1007 311 1072 bene
334 1006 462 1072 vivendi
485 1007 606 1073 ducam.
638 1005 690 1071 Sic
713 1006 799 1087 enim
818 1006 898 1071 mihi
915 1007 1095 1091 perspicere
1113 1006 1233 1091 uideor,

230 1095 278 1161 ita
299 1098 394 1160 natos
419 1116 488 1160 esse
506 1116 576 1179 nos,
593 1099 631 1159 ut
648 1095 734 1159 inter
753 1115 864 1159 omnes
882 1100 969 1159 esset
982 1095 1119 1160 societas
1139 1116 1233 1178 quae

231 1183 314 1267 dam,
330 1183 435 1247 maior
451 1186 570 1267 autem,
582 1187 620 1247 ut
638 1184 772 1266 quisque
790 1204 945 1266 proxume
959 1183 1131 1248 accederet.
1166 1181 1233 1247 Ita-

191 1288 218 1328 ιο
233 1293 294 1355 que
320 1271 406 1336 cives
433 1271 577 1355 potiores
605 1292 702 1354 quam
729 1269 905 1355 peregrini,
936 1270 1109 1354 propinqui
1136 1291 1233 1354 quam

232 1358 343 1440 alieni3
370 1379 442 1422 cum
469 1357 521 1422 bis
545 1357 630 1422 enirn
658 1358 836 1422 amicitiam
861 1361 979 1422 natura
1000 1358 1072 1441 ipsa
1095 1359 1234 1442 peperit3

233 1446 289 1509 sed
312 1467 350 1509 ea
371 1466 437 1509 non
459 1445 540 1510 satis
563 1445 663 1509 habet
685 1446 860 1510 firmitatis.
896 1443 1044 1528 Namque
1062 1445 1123 1509 hoo
1141 1467 1234 1529 prae-

232 1537 300 1598 stat
322 1532 465 1598 amicitia
486 1533 731 1618 propinquitati,
754 1534 840 1618 quod
863 1554 902 1598 ex
919 1533 1162 1618 propinquitate
1181 1534 1234 1598 be·

231 1620 410 1687 nivolentia
428 1621 502 1686 tolli
520 1625 638 1707 potest,
661 1644 700 1687 ex
718 1621 862 1688 amicitia
875 1643 941 1686 non
958 1626 1082 1706 potest3
1105 1622 1235 1686 sublata

193 1723 219 1766 ιδ
232 1710 318 1775 enim
335 1709 555 1774 benivolentia
573 1710 733 1775 amicitiae
754 1732 871 1775 nomen
889 1710 1031 1793 tollitur,
1049 1709 1235 1794 propinqui-

231 1798 310 1864 tatis
338 1801 456 1862 manet.
497 1797 625 1874 Quanta
643 1803 752 1862 autem
775 1799 824 1863 vis
847 1797 1008 1862 amicitiae
1032 1798 1088 1879 sit,
1116 1818 1155 1861 ex
1172 1797 1234 1863 hoo
1253 1804 1287 1855 20

230 1886 380 1971 intellegi
402 1885 540 1950 maxime
563 1889 681 1970 potest,
704 1884 790 1968 quod
808 1907 847 1949 ex
863 1885 991 1949 infinita
1010 1885 1163 1950 societate
1182 1906 1235 1970 ge·

232 1974 319 2038 neris
341 1973 488 2054 humani,
516 1995 612 2056 quam
635 1972 821 2038 conciliavit
842 1972 915 2056 ipsa
936 1977 1066 2056 natura,
1092 1973 1141 2037 ita
1162 1994 1234 2038 con-

232 2065 339 2127 tracta
365 2082 417 2125 res
440 2065 491 2125 est
513 2065 546 2126 et
569 2061 707 2127 adducta
728 2061 764 2126 in
786 2065 975 2147 angustum,
997 2065 1035 2126 ut
1058 2061 1162 2126 omnis
1185 2084 1234 2127 ca·

193 2165 220 2205 ιο
233 2150 315 2214 ritas
338 2152 396 2214 aut
416 2149 502 2213 inter
525 2150 603 2214 duos
627 2153 684 2215 aut
705 2150 791 2213 inter
813 2171 934 2234 paucos
956 2149 1151 2236 iungeretur.

298 2237 361 2302 nst
383 2237 468 2301 enim
491 2237 633 2322 amicitia
654 2237 737 2301 nihil
760 2237 849 2301 aliud
870 2237 934 2301 nisi
952 2238 1095 2302 omnium
1114 2237 1234 2301 divina-
1253 2230 1273 2294 6

233 2348 305 2391 rum
318 2325 595 2408 humanarumque
608 2347 715 2390 rerum
730 2347 803 2390 cum
816 2325 1036 2390 benivolentia
1053 2328 1086 2388 et
1099 2325 1235 2389 caritate

233 2414 415 2496 consensio3
437 2436 500 2497 qua
524 2413 652 2498 quidem
672 2413 754 2477 haut
777 2412 843 2477 scio
862 2434 905 2476 an
923 2416 1055 2495 excepta
1074 2411 1234 2496 sapientia

233 2501 316 2566 nihil
345 2501 460 2566 melius
491 2501 615 2566 homini
646 2501 692 2566 sit
723 2522 743 2565 a
774 2499 823 2565 dis
854 2499 1082 2565 inmortalibus
1115 2499 1236 2564 datum

193 2603 220 2645 π
234 2588 374 2653 Divitias
398 2589 454 2654 alii
475 2593 695 2673 praeponunt,
716 2589 836 2653 bonam
858 2588 915 2653 alii
936 2588 1156 2672 valitudinem,
1179 2587 1236 2651 alii

234 2677 423 2762 potentiam,
445 2677 502 2741 alii
523 2677 675 2760 honores,
698 2677 794 2741 multi
817 2676 916 2741 etiam
938 2678 1132 2760 voluptates.
1176 2674 1235 2740 Be

233 2766 362 2829 luarum
383 2765 445 2830 hoc
468 2764 597 2849 quidem
624 2768 816 2848 extremum,
846 2764 906 2829 illa
933 2767 1041 2829 autem
1068 2763 1236 2849 superiora

234 2852 354 2919 caduca
376 2857 410 2917 et
431 2852 563 2937 incerta,
585 2853 694 2937 posita
715 2874 781 2917 non
804 2856 873 2916 tam
895 2852 930 2916 in
952 2852 1095 2918 consiliis
1113 2852 1235 2916 nostris

235 2963 333 3024 quam
354 2939 389 3004 in
414 2940 564 3005 fortunae
593 2940 785 3005 temeritate.
831 2938 892 3015 Qui
919 2944 1027 3004 autem
1053 2940 1088 3003 in
1114 2938 1236 3003 virtute

194 3046 397 3093 assummum
418 3028 539 3092 bonum
568 3033 705 3112 ponunt,
736 3028 902 3113 praeclare
928 3028 979 3092 illi
1006 3027 1148 3111 quidem,
1180 3026 1236 3090 sed

233 3117 313 3183 haec
334 3116 408 3201 ipsa
429 3115 533 3180 virtus
556 3116 733 3181 amicitiam
756 3120 789 3181 et
812 3114 919 3202 gignit
941 3119 974 3181 et
996 3116 1156 3197 continet,
1177 3135 1236 3177 nec

234 3204 303 3269 sine
326 3205 447 3269 virtute
470 3202 613 3267 amicitia
636 3225 704 3268 esse
727 3204 796 3268 ullo
818 3207 916 3287 pacto
934 3208 1052 3288 potest.
1085 3201 1156 3266 Iam
1174 3202 1236 3265 vir·
1254 3209 1286 3257 21

234 3296 338 3358 tutem
362 3314 401 3357 ex
423 3290 651 3357 consuetudine
674 3291 761 3357 vitae
780 3292 1000 3375 sermonisque
1018 3290 1122 3356 nostri
1140 3290 1236 3353 inter-

234 3384 399 3465 pretemur
420 3401 480 3444 nee
502 3401 583 3463 eam,
605 3383 643 3444 ut
661 3380 792 3463 quidam
810 3379 907 3458 docti,
925 3380 1096 3444 verborum
1115 3377 1237 3461 magni·

195 3483 221 3526 ³⁶
235 3468 364 3533 licentia
386 3468 559 3533 metiamur
581 3466 732 3550 virosque
759 3468 861 3532 bonos
889 3488 958 3550 eos,
990 3466 1045 3550 qui
1066 3465 1237 3548 habentur,

233 3577 449 3639 numeremus,
466 3555 596 3638 Paulos,
614 3553 764 3639 Oatones,
787 3553 897 3638 Gales,
919 3552 1093 3639 Scipiones,
1110 3552 1237 3637 Philos3

233 3642 286 3708 his
306 3643 485 3708 communis
504 3643 573 3708 vita
590 3646 743 3708 contenta
761 3646 826 3730 est;
843 3664 897 3708 eos
917 3646 1026 3707 autem
1039 3641 1243 3721 omittamus,
