2950 4150
245 291 307 355 188
544 291 697 347 LAELIUS
716 293 765 347 DE
783 292 946 370 AMICITIA

242 456 375 537 propter
398 452 630 518 dissensionem
653 457 771 537 autem,
794 475 876 537 quae
900 457 970 518 erat
992 453 1027 518 in
1049 475 1084 518 re
1110 454 1250 538 publica,

243 541 402 606 alienatus
426 545 476 606 est
499 564 518 607 a
541 542 668 628 collega
688 545 801 606 nostro
820 542 968 625 Metello,
989 546 1162 626 utrumque
1180 542 1251 628 egIt

283 630 399 712 ariter,
432 630 626 696 auctoritate
649 633 682 694 et
706 630 883 696 offensione
909 630 1010 694 animi
1036 652 1102 695 non
1125 632 1250 696 acerba.

190 734 223 784 rs
271 740 346 782 uam
370 718 412 783 ob
435 740 504 782 rem
526 719 668 803 primum
692 718 797 782 danda
820 740 918 802 opera
941 722 1000 801 est,
1022 740 1063 783 ne
1087 740 1152 802 qua
1172 719 1248 783 ami·

243 827 353 871 corum
377 806 510 872 discidia
531 807 626 890 fiant3
649 807 700 870 sin
722 807 790 871 tale
813 807 936 891 aliquid
960 807 1116 884 evenerit,
1138 810 1176 871 ut
1199 829 1250 872 ex·
1276 825 1290 866 s

242 895 363 960 tinctae
397 896 506 979 potius
539 894 700 960 amicitiae
733 917 831 978 quam
863 916 1037 980 oppressae
1068 894 1249 960 rideantur.

243 980 428 1047 Cavendum
450 1004 541 1067 vero,
572 1005 612 1048 ne
641 983 741 1049 etiam
770 984 804 1047 in
827 1004 944 1068 graues
966 982 1153 1048 inimicitias
1177 1005 1249 1049 con·

241 1074 372 1136 vertant
395 1092 429 1135 se
453 1071 627 1155 amicitiam
650 1094 688 1136 ex
708 1071 824 1156 quibus
843 1071 959 1156 iurgia,
976 1071 1158 1156 maledicta,
1176 1093 1249 1138 con·

241 1159 395 1223 tumeliae
418 1160 606 1245 gignuntur.
642 1157 730 1234 Quae
754 1164 864 1224 tamen
887 1160 915 1224 si
938 1160 1126 1225 tolerabiles
1145 1165 1249 1243 erunt,

240 1246 390 1312 ferendae
409 1253 498 1331 sunt,
526 1248 634 1313 ethic
660 1249 765 1313 honos
792 1248 896 1312 veteri
924 1248 1085 1312 amicitiae
1107 1249 1289 1313 tribum-10

242 1335 310 1419 dus,
331 1339 370 1400 ut
387 1335 416 1400 is
438 1335 473 1400 in
496 1337 591 1422 culpa
615 1336 671 1419 sit,
695 1335 750 1420 qui
772 1335 885 1419 faciat,
916 1357 995 1419 non,
1022 1337 1077 1421 qui
1104 1337 1249 1421 patiatur

240 1445 400 1488 mrunam.

308 1511 446 1577 Omnino
470 1514 614 1577 omnium
637 1513 754 1577 horum
777 1513 931 1578 vitiorum
954 1516 1051 1597 atque
1074 1513 1248 1580 incommo-

242 1599 355 1664 dorum
378 1623 443 1664 una
465 1601 572 1665 cautio
597 1604 647 1665 est
666 1604 764 1684 atque
782 1623 848 1664 una
865 1601 1019 1685 provisio,
1041 1604 1079 1665 ut
1096 1623 1137 1666 ne
1150 1602 1248 1666 nimis

189 1702 222 1752 te
241 1687 306 1753 cito
330 1688 464 1775 diligere
487 1688 645 1773 incipiant
667 1711 747 1753 neve
770 1710 836 1753 non
859 1688 984 1774 dignos.
1020 1687 1122 1774 Digni
1140 1694 1248 1754 autem
1264 1707 1289 1748 ιι

242 1781 319 1840 sunt
346 1776 502 1860 amicitia,
535 1777 651 1862 quibus
678 1778 713 1841 in
734 1777 815 1862 ipsis
839 1777 924 1841 inest
946 1798 1058 1860 causa,
1090 1798 1146 1842 cur
1179 1777 1248 1841 dili·

242 1869 369 1951 gantur.
415 1865 538 1930 Rarum
562 1887 673 1952 genus.
717 1865 762 1929 Et
790 1865 918 1950 quidem
946 1867 1056 1930 omnia
1081 1866 1250 1950 praeclara

242 1975 323 2032 rara,
346 1975 405 2018 nec
428 1953 599 2037 quicquam
623 1953 786 2020 difficilius
810 1976 907 2038 quam
926 1954 1076 2039 reperire,
1099 1954 1185 2038 quod
1205 1955 1250 2018 sit

242 2041 330 2106 omni
353 2042 564 2127 expertein
587 2064 644 2108 suo
669 2063 786 2129 genere
807 2041 994 2128 perfectum.
1026 2040 1089 2108 Sed
1102 2042 1248 2128 plerique

241 2151 344 2213 neque
366 2130 401 2194 in
423 2131 520 2195 rebus
538 2131 689 2195 humanis
709 2132 880 2215 quicquam
898 2132 1020 2196 bonum
1038 2135 1167 2214 norunt,
1185 2132 1248 2195 nisi
1262 2150 1289 2189 sc

242 2218 327 2302 quod
349 2217 552 2283 fructuosum
575 2220 628 2303 sit,
651 2224 685 2284 et
703 2220 824 2286 amicos
847 2224 1015 2303 tamquam
1033 2219 1171 2304 pecudes
1192 2241 1247 2285 eos

241 2307 449 2391 potissimum
472 2307 626 2393 diligunt,
650 2308 824 2393 exquibus
848 2312 980 2392 sperant
1004 2329 1038 2371 se
1061 2329 1247 2373 maxumum

189 2410 222 2459 eo
240 2394 383 2460 fructum
401 2417 471 2460 esse
486 2401 646 2481 capturos.
681 2395 735 2461 Ite
749 2396 967 2482 pulcherrima
979 2395 1039 2461 illa
1052 2400 1085 2460 et
1099 2417 1248 2461 maxume

240 2484 383 2549 naturali
406 2488 518 2549 carent
541 2484 684 2549 amicitia
707 2507 765 2569 per
786 2506 820 2549 se
839 2488 872 2548 et
889 2488 1025 2569 propter
1047 2505 1083 2548 se
1105 2485 1248 2569 expetita

240 2592 298 2636 nee
330 2572 394 2655 ipsi
427 2572 489 2636 sibi
521 2573 668 2657 exemplo
701 2577 790 2656 sunt,
821 2573 901 2637 haec
936 2572 986 2637 vis
1019 2571 1192 2637 amicitiae·
1215 2578 1249 2637 et
1262 2592 1288 2633 as

242 2659 348 2743 qualis
371 2664 404 2724 et
432 2664 554 2744 quanta
586 2661 638 2725 sit
682 2660 757 2746 Ipse
789 2661 875 2724 enim
905 2682 939 2724 se
968 2661 1103 2745 quisque
1131 2660 1249 2746 diligit,

240 2768 306 2811 non
328 2751 366 2811 ut
388 2748 530 2832 aliquam
554 2771 573 2812 a
596 2770 630 2813 se
658 2748 727 2833 ipse
756 2748 935 2814 mercedem
964 2749 1075 2835 exigat
1101 2750 1247 2815 caritatis

241 2857 331 2918 suae,
359 2836 415 2901 sed
439 2836 525 2919 quod
547 2858 604 2921 per
628 2858 662 2902 se
686 2837 750 2901 sibi
773 2838 909 2921 quisque
932 2857 1025 2902 carus
1053 2840 1111 2902 est
1156 2835 1249 2913 Quod

240 2924 304 2988 nisi
327 2924 412 2989 idem
428 2925 463 2988 in
479 2924 655 2990 amicitiam
670 2925 893 3008 transferetur,
911 2947 1007 2989 verus
1021 2925 1143 2990 amicus
1156 2948 1246 2990 num-

241 3034 339 3096 quam
362 3013 555 3096 reperietur,
582 3016 632 3077 est
655 3013 742 3077 enim
765 3014 807 3097 is,
835 3013 891 3097 qui
909 3017 960 3077 est
977 3018 1145 3098 tamqnam
1163 3014 1247 3078 alter
1262 3032 1289 3073 sc

188 3115 220 3164 81
240 3100 334 3165 idem.
372 3097 493 3175 Quodsi
512 3101 574 3166 hoc
592 3105 729 3186 apparet
750 3101 785 3166 in
807 3100 931 3184 bestiis,
951 3102 1147 3185 volucribus,
1168 3122 1248 3165 nan-

240 3190 339 3272 tibus,
363 3188 557 3273 agrestibus,
580 3190 751 3273 cicuribus,
773 3189 864 3273 feris,
887 3189 1029 3275 primum
1049 3194 1087 3254 ut
1105 3210 1139 3253 se
1157 3189 1248 3273 ipsae

241 3278 381 3363 diligent
401 3274 448 3361 (id
463 3277 549 3341 enim
567 3277 689 3362 pariter
703 3300 776 3344 cum
791 3277 880 3343 omni
898 3278 1062 3342 animante
1079 3275 1249 3361 nascitur),

240 3365 353 3430 deinde
376 3369 413 3430 ut
436 3365 604 3448 requirant
632 3370 730 3450 atque
758 3367 928 3451 adpetant,
960 3366 1001 3429 ad
1028 3386 1168 3449 quasso
1195 3365 1248 3430 ad·

239 3453 361 3539 plicent
385 3452 527 3517 eiusdem
551 3454 679 3540 generis
703 3454 888 3537 animantis,
910 3453 1007 3538 idque
1029 3452 1155 3518 faciunt
1175 3476 1247 3520 cum
1262 3471 1288 3513 aa

240 3542 397 3606 desiderio
421 3545 454 3605 et
477 3563 550 3606 cum
574 3542 713 3627 quadam
732 3541 944 3608 similitudine
963 3541 1083 3607 amoris
1104 3542 1248 3627 humani,

221 3632 351 3701 quanto
371 3629 414 3691 id
430 3630 545 3715 magr’s
566 3630 601 3696 in
624 3630 758 3697 homine
776 3632 815 3696 fit
836 3632 967 3695 natural
992 3631 1048 3715 qui
1071 3636 1105 3695 et
1125 3632 1248 3719 seipse
