2950 4150
521 865 583 929 AD
606 866 649 929 M.
672 865 865 932 BRUTUM.

528 1065 860 1125 ARGUMENTUM.

262 1179 323 1234 Hoc
341 1178 439 1233 libello
460 1178 556 1234 Cicero
576 1178 690 1233 Catonis
707 1180 857 1250 Uticensis,
876 1180 995 1250 perfecti
1009 1182 1085 1236 illius
1100 1182 1197 1252 Stoici,

189 1249 375 1304 admiratione
394 1249 532 1303 adductus
549 1249 716 1331 disciplinae
732 1251 843 1304 Stoicae
866 1255 1030 1321 praecepta,
1054 1270 1124 1320 quae
1148 1254 1196 1307 ho-

180 1321 280 1376 mines
299 1320 335 1373 ob
355 1320 535 1374 severitatem
554 1321 764 1374 admrrabantur
780 1320 871 1390 magis
897 1338 980 1389 quam
1003 1323 1197 1391 sequebantur,

190 1387 347 1458 παράδοξα,
366 1407 437 1459 quae
456 1390 551 1444 Latini
569 1394 673 1445 vocant
691 1391 876 1460 admirabilia,
896 1392 1030 1446 orationis
1049 1410 1116 1446 suae
1136 1411 1197 1448 sua-

190 1461 280 1516 vitate
297 1461 410 1515 mollita
427 1461 545 1530 probare
563 1463 668 1531 populo
684 1464 713 1516 et
726 1463 918 1517 commendare
933 1463 1031 1517 voluit.
1057 1465 1129 1518 Nam
1143 1465 1197 1519 etsi

190 1531 220 1585 in
239 1531 364 1586 oratione
382 1548 434 1601 pro
454 1531 484 1586 L.
503 1532 618 1587 Murena
637 1532 742 1587 Catone
765 1535 914 1588 accusante
934 1534 1090 1588 Stoicorum
1108 1533 1197 1604 nuqui-

191 1604 260 1667 δοξα
278 1601 444 1672 perstringit
463 1604 493 1656 et
512 1603 542 1656 in
560 1603 694 1657 librorum
713 1604 748 1658 de
761 1605 863 1658 finibus
880 1605 920 1658 ΠΙ
938 1606 967 1658 et
985 1605 1023 1658 IV
1047 1606 1197 1659 eorundem

191 1673 350 1727 austeritati
368 1674 570 1727 moderandum
588 1691 648 1728 esse
668 1677 775 1741 censet,
794 1676 889 1728 tamen
905 1690 962 1727 non
980 1676 1039 1727 tam
1054 1675 1197 1729 doctrinae

190 1743 329 1824 rationem
342 1743 470 1824 ¹illorum
495 1743 637 1814 improbat
659 1761 743 1812 quam
771 1744 905 1798 sermonis
932 1744 1119 1825 insolentiam.
1134 1815 1140 1826 .
1156 1746 1197 1799 Ac

190 1813 1197 1956 {diffiddllltlalririqlualffocorbiggdltfflrigOdsateirldilteiriiarigsticssirtrrudirilquginndiirg

190 1955 220 2008 in
239 1972 268 2008 se
286 1971 342 2009 uno
360 1955 463 2009 habere
483 1955 576 2009 omnia
594 1955 666 2009 bene
683 1955 821 2024 beateque
838 1955 953 2010 vivendi
972 1956 1122 2025 praesidia.
1156 1959 1199 2011 Ex

189 2025 234 2080 his
253 2028 347 2080 autem
367 2025 436 2079 locis
456 2028 556 2092 cetera,
580 2042 651 2094 quae
674 2026 807 2096 deinceps
829 2026 1018 2097 persequitur,
1044 2029 1111 2097 apta
1134 2030 1199 2083 sunt

191 2098 220 2151 et
239 2113 382 2166 suspensa.
409 2098 507 2164 Itaque
526 2097 626 2151 tertius
644 2096 722 2150 locus
737 2099 781 2150 est
790 2099 824 2151 de
834 2101 1013 2167 peccatorum
1027 2100 1198 2167 aequalitate

191 2167 321 2224 omnium.
346 2166 443 2231 Quarti
454 2168 488 2221 de
499 2168 648 2221 stultorum
657 2167 767 2220 insania
776 2168 832 2221 loci
839 2184 931 2237 pauca
939 2168 1025 2222 verba
1034 2173 1196 2237 supersunt,

191 2237 317 2305 sequitur
330 2238 421 2304 aliud,
436 2254 490 2305 quo
529 2238 610 2292 robat
624 2237 713 2291 solum
728 2237 884 2307 sapientem
898 2254 959 2291 esse
974 2238 1075 2304 civem,
1096 2241 1197 2294 stultos

192 2325 287 2363 omnes
302 2307 397 2362 exules
412 2257 539 2377 exempio
556 2326 621 2362 usus
640 2307 771 2373 alicuius,
795 2325 878 2375 quem
898 2306 978 2362 Clodi
997 2308 1118 2362 similem
1137 2326 1197 2363 esse

190 2378 284 2447 fingit,
308 2378 470 2433 adversarii.
507 2378 609 2442 Quinto
624 2380 701 2447 loco,
720 2395 775 2445 quo
793 2377 823 2434 L.
843 2377 990 2431 Lucullum
1008 2380 1092 2445 atque
1112 2379 1198 2433 etiam

191 2448 372 2503 Hortensium
384 2449 497 2503 videtur
511 2465 632 2519 carpere,
651 2450 706 2501 nisi
725 2448 881 2517 sapientem
899 2448 1029 2503 libertate
1043 2449 1098 2501 frui
1111 2451 1198 2503 nerni-

191 2536 255 2573 nem
270 2519 361 2585 docet‚
374 2535 458 2589 posse
472 2522 566 2574 autem
579 2536 811 2587 unumquemque
825 2519 867 2572 ita
881 2519 983 2585 vivere,
999 2522 1031 2573 ut
1044 2521 1122 2585 velit,
1141 2520 1159 2576 i.
1172 2538 1196 2577 e.

191 2588 310 2644 liberum
327 2607 395 2656 esse,
411 2590 435 2643 si
449 2590 532 2644 modo
546 2591 722 2645 honestatem
737 2592 876 2658 sequatur.
895 2590 1021 2657 Denique
1037 2592 1115 2644 sexto
1125 2591 1198 2659 loco,

192 2677 247 2728 quo
266 2660 302 2716 M.
324 2659 452 2714 Crassum
471 2660 588 2714 divitem
606 2659 800 2729 reprehendit,
826 2660 925 2713 aerarii
942 2660 972 2713 in
991 2662 1137 2715 consulatu
1157 2679 1198 2716 se-

193 2731 284 2783 cundo
298 2733 333 2799 (a.
348 2750 373 2787 u.
386 2749 408 2785 c.
424 2736 485 2799 699)
501 2730 616 2800 expilati
631 2729 747 2784 infamia
760 2730 922 2796 notabilem,
938 2729 1027 2784 solum
1042 2731 1198 2800 sapientem

194 2800 236 2853 ait
257 2802 377 2869 gaudere
397 2801 518 2868 divitiis,
543 2803 576 2854 ut
598 2817 669 2869 quae
694 2818 756 2853 cum
774 2800 803 2852 in
827 2801 926 2854 ceteris
949 2800 1112 2871 virtutibus,
1137 2804 1198 2856 tum

193 2870 311 2925 maxime
329 2872 359 2926 in
377 2872 551 2927 continentia
569 2870 626 2925 sint
643 2871 761 2940 positae.
792 2871 852 2924 Hoc
866 2873 959 2925 autem
973 2872 1100 2926 brevium
1116 2889 1198 2941 quae·

194 2940 328 3009 stionum,
351 2942 426 3011 quod
445 2943 481 2995 ad
504 2941 541 2995 M.
559 2940 676 2995 Brutum
694 2940 797 3007 mittit,
820 2942 1014 2995 munusculum
1031 2943 1114 2997 unius
1132 2942 1199 2997 anni

192 3013 332 3082 tempore,
352 3016 385 3067 ut
402 3012 526 3080 videtur,
545 3012 662 3065 hiberno
681 3011 866 3081 compositum
885 3028 946 3066 esse
965 3030 980 3066 e
1002 3012 1138 3083 prooemii
1152 3018 1198 3078 §5

193 3083 316 3153 apparet.
345 3083 385 3137 Ac
404 3100 572 3151 quamquam
587 3082 682 3136 Cicero
698 3081 827 3136 Crassum
845 3098 869 3138 a.
885 3100 910 3137 u.
926 3099 948 3137 c.
966 3090 1014 3138 ‘101
1031 3085 1061 3137 et
1070 3082 1198 3136 Clodium

194 3160 243 3208 702
262 3152 425 3209 interfectos
444 3153 553 3223 dialogi
571 3152 687 3207 licentia
705 3152 759 3206 sibi
778 3154 874 3207 adesse
892 3154 988 3222 potuit
1006 3155 1124 3222 fingere,
1142 3171 1199 3208 non

191 3226 287 3279 tamen
304 3226 371 3295 post
388 3241 512 3279 mensem
531 3223 599 3279 anni
623 3230 673 3279 708
692 3223 814 3289 lunium,
832 3224 892 3292 tquo
917 3224 985 3279 Cato
1003 3227 1122 3277 mortem
1144 3223 1199 3278 sibi

192 3294 292 3351 Uticae
312 3294 455 3363 conscivit
475 3295 619 3349 conditum
636 3295 690 3347 hoc
710 3295 874 3364 opusculum
893 3311 953 3349 esse
971 3294 1091 3350 videtur.

258 3473 497 3557 Animadverti,
528 3473 643 3557 Brute,
676 3497 771 3559 saepe
799 3474 969 3556 Catonem,
1006 3473 1231 3538 avunculuml

192 3567 293 3648 tuum,
317 3584 390 3628 cum
412 3563 448 3627 in
471 3567 585 3627 senatu
608 3563 804 3628 sententiam
827 3562 955 3646 diceret,
979 3562 1066 3626 locos
1082 3583 1197 3646 graves
