2950 4150
537 284 613 341 cnr.
634 291 676 353 1⁶,
697 291 737 340 ro.
774 290 920 351 ssa-oe.
1167 284 1228 348 151

231 447 326 512 etiam
355 451 388 513 et
414 446 583 532 pomariis,
609 451 680 511 tum
706 446 864 531 pecudum
890 451 1000 532 pastu,
1028 446 1137 530 apium
1159 466 1230 510 exa-

229 536 383 620 minibus,
413 535 530 600 florum
559 534 703 600 omnium
729 534 896 600 varietate.
941 532 1009 600 Nec
1036 532 1230 599 consitiones

230 624 324 688 modo
347 623 518 707 delectant,
540 623 595 687 sed
619 623 717 687 etiam
738 622 918 707 insitiones,
941 622 1056 707 quibus
1078 621 1161 686 nihil
1183 621 1230 685 in-
1241 677 1281 742 16

230 711 319 776 venit
344 711 415 797 agri
443 711 570 777 cultura
597 696 953 864 sollertiusssossum
980 710 1130 795 persequi
1160 731 1230 794 per·
1248 754 1281 805 ω

203 800 334 864 smulta
355 801 592 865 oblectamenta
614 821 721 864 rerum
744 820 799 863 rus
815 821 946 884 roarum,
970 797 1027 864 sed
1049 799 1128 864 haec
1149 797 1231 882 ipsa,

231 910 311 971 quae
339 887 416 971 dixi,
444 887 547 953 sentio
574 886 674 952 fuisse
702 887 861 974 longiora.
904 886 1085 974 Ignoscetis
1109 890 1230 970 autem3

229 998 305 1040 nam
333 979 366 1040 et
392 976 498 1041 studio
526 976 720 1042 rusticarum
747 997 855 1040 rerum
882 979 1053 1060 provectus
1082 996 1166 1059 sum,
1198 977 1231 1039 et

230 1067 376 1130 senectus
403 1068 452 1130 est
478 1068 595 1129 natura
623 1063 801 1148 loquacior,
833 1086 872 1128 ne
905 1063 946 1128 ab
979 1063 1127 1128 omnibus
1159 1083 1231 1127 eam

228 1152 317 1216 vitiis
340 1151 449 1239 videar
471 1152 641 1217 vindicare.
685 1151 775 1238 Ergo
797 1151 832 1216 in
859 1152 920 1217 hac
941 1151 1011 1217 vita
1033 1150 1084 1216 Μ’.
1107 1149 1231 1235 Curius,

191 1259 215 1299 10
229 1262 302 1305 oum
326 1239 364 1304 de
383 1237 591 1324 Samnitibus,
614 1237 807 1324 deSabinis,
830 1239 869 1303 de
886 1239 1012 1323 Pyrrho
1035 1239 1230 1324 triumphas·

230 1331 289 1410 set,
312 1327 511 1411 consumpsit
533 1331 712 1392 extremum
734 1331 801 1392 tem
824 1349 862 1392 us
886 1327 1012 1392 aetatis.
1048 1325 1145 1392 Cuius
1164 1327 1230 1410 qui-

230 1415 302 1480 dem
326 1436 386 1501 ego
409 1415 522 1481 villam
549 1416 771 1500 contemplans
799 1351 906 1500 dibeat
933 1415 1018 1479 enim
1044 1436 1109 1480 non
1134 1415 1231 1500 longe

230 1525 249 1567 a
272 1500 336 1587 me)
359 1503 511 1568 admirari
534 1505 613 1568 satis
636 1525 701 1568 non
727 1525 862 1588 possum
883 1504 936 1568 vel
960 1502 1100 1568 hominis
1127 1502 1229 1587 ipsius

229 1591 461 1657 continentiam
491 1591 544 1657 vel
575 1595 758 1676 temporum
790 1591 1001 1676 disciplinam.
1046 1589 1143 1656 Curio
1176 1590 1282 1671 adloe)

191 1699 215 1738 15
229 1681 337 1744 focum
369 1679 494 1744 sedenti
524 1701 677 1765 magnum
711 1680 781 1745 auri
812 1680 937 1765 pondus
966 1677 1127 1744 Samnites
1159 1701 1231 1744 oum

229 1767 616 1852 attulissen‘tJ’repudiati
644 1771 733 1851 sunt,
764 1789 831 1833 non
857 1768 943 1832 enim
971 1789 1084 1832 aurum
1111 1767 1231 1832 habere

228 1856 429 1941 praeclarum
462 1855 525 1920 sibi
551 1855 652 1922 videri
684 1855 778 1940 dixit,
809 1856 866 1921 sed
897 1856 957 1940 eis,
989 1855 1044 1939 qui
1074 1854 1232 1920 haberent

230 1967 356 2028 aurum,
386 1926 587 2051 imperare]
601 1942 777 2009 Poteratne
808 1947 918 2009 tantus
951 1943 1075 2009 animus
1106 1942 1231 2009 efficere
1249 1962 1283 2014 os

229 2054 294 2098 non
321 2033 492 2098 iucundam
519 2032 738 2098 senectutem?
784 2029 847 2098 Sed
873 2031 966 2098 venio
994 2031 1035 2097 ad
1062 2031 1231 2118 agricolas,

191 2140 217 2179 ro
230 2144 270 2185 ne
294 2144 313 2186 a
336 2142 387 2185 me
409 2121 481 2205 ipso
503 2121 658 2186 recedam.
693 2120 733 2185 In
751 2122 839 2206 agris
858 2124 950 2185 erant
968 2124 1038 2185 tum
1057 2125 1232 2205 senatores,

229 2210 263 2273 id
289 2212 340 2273 est
363 2229 470 2291 senes,
497 2208 654 2293 siquidem
681 2210 789 2274 aranti
809 2208 846 2274 L.
869 2208 1017 2284 Quinctio
1040 2206 1230 2274 Cincinnato

229 2297 415 2362 nuntiatum
438 2299 487 2361 est
511 2318 582 2361 eum
605 2297 796 2363 dictatorem
815 2318 885 2362 esse
902 2296 1038 2380 factum3
1060 2297 1150 2362 cuius
1169 2296 1231 2362 dic-

230 2384 348 2450 tatoris
370 2385 460 2449 iussu
483 2385 639 2471 magister
653 2385 806 2468 equitum
825 2382 859 2449 Ο.
878 2381 1033 2450 Servilius
1052 2383 1160 2449 Ahala
1178 2382 1231 2469 Sp.

230 2472 383 2537 Maelium
402 2494 537 2557 regnum
555 2473 760 2557 adpetentem
783 2476 973 2557 occupatum
996 2472 1169 2538 interemit.
1200 2471 1231 2536 A

190 2577 216 2618 a
230 2560 357 2624 villain
376 2564 523 2625 senatum
541 2561 765 2626 arcessebatur
782 2565 816 2626 et
829 2559 944 2626 Curius
963 2565 996 2626 et
1014 2560 1112 2627 ceteri
1130 2582 1231 2644 senes,

231 2670 269 2712 ex
292 2670 369 2732 quo,
396 2648 452 2731 qui
475 2670 529 2713 eos
553 2649 772 2735 arcessebant,
801 2649 942 2714 viatores
964 2649 1124 2715 nominati
1146 2652 1230 2714 sunt.

229 2736 317 2802 Num
343 2735 444 2821 igitur
471 2735 587 2801 horum
615 2742 761 2803 senectus
789 2737 983 2803 miserabilis
1010 2736 1087 2821 fuit,
1115 2738 1169 2822 qui
1196 2758 1230 2803 se

231 2824 302 2910 agri
316 2824 457 2889 cultione
471 2824 699 2891 oblectabant?
731 2825 805 2890 Mea
823 2826 950 2910 quidem
970 2826 1130 2890 sententia
1144 2825 1231 2890 haud

230 2912 296 2977 scio
320 2933 361 2977 an
383 2912 474 2976 nulla
496 2912 622 2978 beatior
644 2912 750 2998 possit
769 2935 847 2999 esse,
868 2934 972 2997 neque
991 2914 1096 2979 solum
1115 2912 1230 2995 officio,

190 3017 216 3057 ³⁰
231 2999 316 3083 quod
342 3000 510 3064 hominum
537 3002 647 3087 generi
674 3001 824 3068 universo
851 3002 978 3067 cultura
1005 3022 1158 3086 agrorum
1181 3003 1231 3063 est

229 3088 391 3173 salutaris,
414 3087 470 3152 sed
489 3092 521 3153 et
539 3089 760 3173 delectatione,
779 3091 816 3155 de
834 3112 897 3173 qua
911 3089 985 3173 dixi,
1008 3094 1041 3154 et
1060 3087 1230 3153 saturitate

229 3176 383 3261 copiaque
410 3197 518 3241 rerum
545 3178 702 3262 omnium,
730 3199 812 3261 quae
844 3177 885 3242 ad
911 3177 1033 3242 victum
1054 3175 1231 3258 hominum,

230 3265 270 3328 ad
293 3266 415 3330 cultum
439 3264 537 3329 etiam
560 3265 692 3330 deorum
714 3264 887 3350 pertinent,
909 3268 955 3349 ut,
978 3264 1129 3349 quoniam
1152 3262 1230 3328 haec

230 3353 360 3435 quidam
391 3352 590 3436 desiderant,
624 3353 659 3417 in
691 3352 832 3439 gratiam
863 3352 929 3417 iam
960 3372 1032 3417 eum
1063 3350 1230 3434 voluptate

190 3456 215 3498 ss
229 3441 406 3505 redeamus.
451 3438 584 3524 Semper
612 3440 697 3504 enim
723 3439 801 3505 boni
829 3439 1011 3522 assiduique
1041 3437 1162 3503 domini
1184 3459 1231 3502 re

228 3527 313 3593 ferta
331 3528 414 3594 cella
431 3527 565 3612 vinaria,
588 3528 718 3612 olearia,
742 3527 840 3592 etiam
858 3526 990 3611 penaria
1009 3529 1067 3611 est,
1089 3526 1230 3611 villaque

229 3620 299 3681 tota
318 3616 462 3701 locuples
481 3619 540 3698 est,
563 3614 706 3680 abundat
723 3634 832 3699 porco,
849 3613 962 3696 haedo,
982 3636 1076 3699 agno,
1099 3615 1238 3698 gallina,
