2950 4150
538 309 614 364 csP.
635 316 676 377 14,
697 316 737 364 rs.
774 315 920 376 §ss-cr.
1167 310 1229 374 149

229 474 325 537 lunae
352 472 455 537 multo
484 477 559 536 ante
585 471 680 536 nobis
702 470 898 557 praediceret
944 468 1027 546 Quid
1048 470 1084 534 in
1106 470 1231 536 leviori·
1249 490 1284 541 so

229 561 290 625 bus
314 559 444 643 studiis,
470 559 525 624 sed
553 562 664 624 tamen
687 559 812 624 acutis?
839 580 936 642 quam
959 558 1121 644 gaudebat
1143 559 1230 624 bello

231 670 288 713 suo
311 647 431 714 Punico
452 645 609 712 Naevius!
633 668 730 732 quam
754 647 947 712 Truculento
965 645 1110 731 Plautus,
1134 669 1231 730 quam

230 736 402 802 Pseudolo!
446 735 523 800 Vidi
550 736 649 800 etiam
681 756 790 800 senem
816 735 958 818 Livium3
990 735 1045 819 qui
1075 757 1148 800 cum
1176 756 1230 800 sex

205 824 322 889 oannis
346 828 434 907 ante,
461 846 559 908 quam
586 845 647 909 ego
669 828 766 888 natus
790 845 875 908 sum,
902 823 1048 888 fabulam
1071 823 1232 889 docuisset

231 911 373 978 Centone
396 911 620 995 Tuditanoque
642 911 841 995 consulibus,
863 933 963 996 usque
986 911 1028 976 ad
1050 911 1230 976 adulescen-

229 1001 310 1065 tiam
332 1022 438 1065 meam
459 999 618 1086 processit
636 1003 753 1064 aetate.
794 999 878 1075 Quid
895 1000 934 1064 de
950 998 986 1064 P.
1004 999 1108 1065 Licini
1122 997 1232 1065 Crassi

230 1093 263 1154 et
281 1088 438 1174 pontificii
456 1092 489 1154 et
507 1088 611 1154 civilis
629 1087 709 1152 iuris
728 1088 835 1152 studio
858 1089 974 1172 loquar
996 1091 1053 1153 aut
1075 1087 1113 1151 de
1130 1087 1231 1152 liuius

229 1177 263 1241 P.
288 1174 462 1261 Scipionis,
485 1176 540 1260 qui
562 1176 614 1240 his
637 1175 748 1261 paucis
771 1176 882 1240 diebus
905 1175 1051 1261 pontifex
1072 1175 1231 1240 maximus

194 1265 336 1330 roiactus
363 1264 435 1329 est?
482 1263 589 1346 Atque
619 1285 673 1328 eos
706 1285 831 1348 omnes,
863 1285 943 1346 quos
975 1264 1232 1348 commemoraui,
1273 1336 1280 1344 ,

230 1353 282 1416 his
312 1351 426 1416 studiis
454 1351 629 1436 flagrantes
657 1372 749 1415 senes
776 1351 928 1434 vidimus3
953 1351 996 1415 M.
1018 1372 1095 1416 vero
1119 1351 1231 1416 Cethe

232 1461 319 1526 gum,
341 1460 435 1522 quem
458 1442 545 1504 recte
568 1436 729 1504 Suadae
753 1437 974 1504 medullam'
998 1438 1232 1522 dixitEnnius,

231 1530 352 1611 quanto
385 1525 491 1591 studio
525 1527 664 1591 exerceri
693 1526 729 1590 in
760 1526 892 1592 dicendo
918 1526 1106 1591 videbamus
1134 1527 1231 1591 etiam
1324 1553 1337 1609 .'

231 1617 352 1680 senem!
389 1612 477 1690 Quae
500 1618 576 1678 sunt
597 1614 700 1700 igitur
722 1615 891 1701 epularum
916 1619 972 1679 aut
998 1614 1148 1680 ludorum
1175 1619 1232 1680 aut

192 1722 216 1761 1⁵
231 1707 412 1770 scortorum
443 1703 557 1787 uolupt
559 1705 628 1767 ates
660 1724 733 1768 cum
764 1703 815 1767 his
847 1703 997 1788 voluptat
983 1703 1070 1767 tibus
1106 1725 1232 1788 compa·

230 1791 370 1857 raudse‘?
416 1791 523 1875 Atque
545 1789 625 1855 haec
652 1791 781 1874 quidem
809 1790 917 1856 studia
943 1791 1119 1874 doctrinae3
1150 1811 1232 1874 quae

230 1880 359 1964 quidem
390 1878 602 1964 prudentibus
635 1881 668 1943 et
698 1878 780 1943 bene
814 1878 974 1944 institutis
1006 1879 1128 1964 pariter
1159 1901 1232 1944 cum

231 1972 338 2033 aetate
360 1971 520 2050 crescunt,
546 1971 583 2031 ut
604 1964 778 2031 honestum
800 1966 882 2031 illud
904 1964 1032 2031 Solonis
1061 1967 1117 2052 sit,
1146 1967 1232 2050 quod

231 2057 277 2122 ait
299 2055 458 2121 versiculo
477 2054 626 2140 quodam,
648 2058 685 2119 ut
703 2059 778 2121 ante
797 2055 871 2140 dixi,
894 2077 1057 2122 senescere
1077 2077 1111 2121 se
1128 2056 1232 2121 multa

191 2146 264 2209 uin
287 2144 354 2208 dies
378 2143 595 2209 addiscentem
602 2165 698 2227 ,qus
719 2144 888 2229 voluptate
911 2144 1011 2209 animi
1032 2145 1123 2210 nulla
1145 2148 1232 2210 certe

230 2237 340 2318 potest
363 2252 433 2296 esse
454 2231 566 2296 maior.

295 2319 399 2385 Venio
421 2342 507 2385 nunc
526 2320 566 2384 ad
584 2320 770 2404 voluptates
789 2320 1014 2404 agricolarum,
1037 2319 1152 2402 quibus
1172 2342 1282 2419 ego„
1245 2294 1285 2357 15

230 2408 462 2474 incredibiliter
485 2408 640 2491 delector;
668 2428 750 2490 quae
776 2428 834 2471 nec
856 2407 925 2472 ulla
946 2407 1164 2508 impediuntur
1186 2429 1232 2472 se

230 2499 360 2561 nectute
388 2501 421 2560 et
447 2496 528 2560 mihi
551 2496 591 2561 ad
614 2494 770 2581 sapientis
793 2496 895 2560 uitam
917 2496 1062 2580 proxime
1084 2495 1232 2560 videntur

191 2599 217 2640 ιι
231 2583 388 2649 accedere.
419 2582 551 2648 Habent
564 2584 649 2648 enim
662 2584 823 2649 rationem
842 2606 914 2649 cum
932 2587 1028 2667 terra,
1046 2605 1127 2667 quae
1142 2606 1232 2649 num-

232 2693 328 2757 quam
347 2672 501 2737 recusat
492 2672 663 2756 imperium
680 2693 738 2737 nec
756 2693 910 2755 umquam
925 2672 993 2736 sine
1007 2694 1105 2737 usura
1118 2673 1232 2757 reddit,

231 2760 317 2844 quod
335 2760 467 2845 accepit,
486 2760 542 2824 sed
561 2759 641 2824 alias
660 2759 792 2843 minore,
813 2761 1001 2844 plerumque
1019 2760 1140 2825 maiore
1159 2784 1231 2826 cum

230 2848 369 2913 faenore.
415 2841 617 2950 Quamquam
644 2869 695 2912 me
723 2810 851 2931 quidem
877 2869 943 2912 non
973 2847 1097 2913 fructus
1127 2850 1232 2932 modo,

232 2935 288 2999 sed
310 2936 440 3000 etiam
424 2936 533 3038 ,rpsius
557 2940 662 3001 terrae
685 2935 733 3000 vis
758 2956 795 3000 ac
816 2940 934 3000 natura
957 2935 1103 3001 delectat.
1144 2900 1232 3011 Quae

191 3039 217 3080 ιο
231 3044 303 3089 cum
331 3024 454 3111 gremio
481 3024 609 3089 mollito
639 3046 675 3089 ac
703 3023 837 3088 subacto
866 3044 1014 3108 sparsum
1046 3046 1154 3088 semen
1182 3045 1232 3087 ex·

230 3112 324 3197 cepit,
346 3113 487 3197 primurn
510 3112 543 3176 id
566 3116 768 3177 occaecatum
792 3111 930 3193 cohibet,
953 3133 990 3175 ex
1014 3133 1077 3195 quo
1101 3110 1232 3195 occatio,

231 3221 312 3284 quae
334 3199 396 3266 hoc
419 3199 528 3283 efficit,
549 3201 717 3265 nominata
740 3202 802 3283 est,
825 3199 938 3263 deinde
961 3200 1157 3283 tepefactum
1179 3221 1232 3263 va·

229 3309 307 3372 pore
331 3291 363 3352 et
385 3309 571 3372 compressu
589 3310 646 3353 suo
666 3249 815 3351 diffundit
833 3291 866 3351 et
884 3286 972 3351 elicit
989 3288 1231 3351 herbescentem

230 3396 268 3440 ex
296 3396 333 3440 eo
360 3376 574 3460 viriditatem,
602 3397 683 3459 quae
710 3375 787 3439 nixa
813 3374 904 3438 fibris
935 3374 1085 3474 stirpium
1112 3373 1231 3438 sensim

189 3478 215 3520 ⁸⁶
230 3463 386 3529 adulescit
403 3465 572 3546 culmoque
591 3467 697 3528 erecta
715 3463 899 3548 geniculato
918 3461 1045 3545 vaginis
1059 3461 1125 3525 iam
1139 3462 1232 3544 quasi

229 3551 405 3636 pubescens
425 3551 616 3653 includitur3
645 3572 683 3615 ex
710 3549 827 3633 quibus
855 3571 928 3614 cum
955 3548 1099 3632 emersit,
1125 3547 1232 3615 fundit

228 3638 356 3725 frugem
384 3639 464 3725 spici
492 3638 661 3703 ordinet
630 3641 787 3702 structam
810 3640 844 3701 et
865 3640 979 3701 contra
1002 3635 1112 3700 avium
1131 3638 1235 3699 urimo·
