2950 4150
574 307 649 363 GAP.
670 315 745 364 1-3.
782 314 798 376 ὅ
816 314 911 364 4-10.
1180 311 1245 375 165

245 492 384 556 quonam
410 473 505 553 pacto
536 473 675 537 mortem
697 469 844 535 Africani
869 468 969 552 feras,
1001 489 1101 553 eoque
1130 471 1244 556 magis,

245 559 330 642 quod
351 557 507 642 proximis
528 556 632 622 Nonis
654 578 726 623 cum
749 556 784 621 in
805 557 919 622 hortos
938 556 977 621 D.
995 555 1091 622 Bruti
1112 559 1245 644 augustis

244 646 481 713 commentandi
508 667 617 728 causa,
644 649 682 710 ut
711 644 851 729 adsolet,
881 645 1094 730 venissemus,
1121 649 1158 711 tu
1179 668 1246 712 non

245 734 387 819 adfuisti,
410 734 464 818 qui
487 733 733 820 diligentissime
753 754 879 818 semper
896 734 990 798 illum
1009 733 1093 798 diem
1111 738 1145 798 et
1162 734 1244 799 illud

218 841 360 887 omunus
383 823 499 887 solitus
522 843 608 887 esses
632 821 730 886 obire.

310 909 473 977 Somou.
513 909 678 986 Quaerunt
709 909 852 993 quidem,
881 907 915 974 (l.
937 907 1042 994 Laeli,
1068 911 1178 995 multi,
1208 913 1280 977 ut⁸

245 1002 296 1063 est
317 1021 337 1063 c
358 997 482 1063 Fannio
506 998 635 1081 dictum,
658 997 715 1062 sed
738 1017 797 1081 ego
819 996 853 1061 id
870 997 1057 1082 respondeo,
1076 999 1162 1082 quod
1180 1000 1246 1064 ani·

244 1109 333 1151 mum
356 1086 489 1170 adverti,
511 1090 545 1149 te
568 1086 721 1170 dolorem,
745 1106 841 1169 quem
859 1085 1018 1170 acceperis
1037 1109 1110 1152 cum
1129 1087 1247 1152 summi

243 1175 320 1258 viri,
346 1179 417 1239 tum
439 1173 637 1238 amicissumi
659 1177 778 1256 morte,
805 1172 890 1237 forre
919 1174 1084 1240 moderate
1105 1196 1165 1241 nec
1191 1196 1247 1261 po·

206 1283 231 1322 ιο
244 1262 346 1326 tuisse
367 1283 434 1326 non
456 1261 652 1327 commoveri
673 1282 732 1325 noc
753 1259 853 1324 fuisse
871 1260 905 1325 id
921 1260 1134 1328 humanitatis
1156 1268 1247 1347 tuae,

245 1348 331 1434 quod
354 1353 463 1412 autem
484 1347 589 1413 Nonis
611 1347 646 1412 in
672 1348 820 1434 conlegio
846 1352 960 1425 nostro
987 1369 1053 1414 non
1080 1351 1247 1436 adfuisses,

244 1435 457 1503 valitudinem
474 1435 653 1520 respondeo
676 1457 822 1520 causam,
841 1456 907 1500 non
925 1437 1121 1503 maestitiam
1138 1438 1246 1504 fuisse.

309 1525 453 1590 Lunares.
492 1523 592 1590 Recte
614 1527 651 1589 tu
674 1523 812 1608 quidem,
834 1522 997 1609 Scaevola,
1020 1530 1054 1590 et
1075 1548 1163 1612 vere;
1188 1549 1247 1593 nec

244 1613 330 1678 enim
352 1613 394 1678 ab
417 1613 481 1676 isto
504 1611 621 1696 officio,
643 1612 730 1696 quod
752 1634 880 1697 semper
901 1613 1072 1698 usurpavi,
1098 1636 1171 1680 cum
1193 1637 1246 1682 va

206 1718 232 1760 u
246 1702 359 1784 lerem,
387 1700 502 1766 abduci
524 1701 727 1766 incommodo
750 1722 822 1766 meo
850 1700 958 1785 debui,
989 1723 1047 1768 nec
1073 1703 1142 1768 ullo
1170 1725 1247 1768 casu

244 1789 386 1854 arbitror
417 1788 480 1854 hoc
506 1788 670 1854 constanti
696 1788 821 1853 homini
851 1810 947 1873 posse
979 1790 1178 1876 contingere,
1209 1795 1247 1856 ut

243 1878 312 1943 ulla
333 1876 531 1942 intermissio
558 1877 617 1941 fiat
644 1875 752 1941 officii.
796 1875 846 1941 'Pu
869 1881 991 1961 autem,
1017 1877 1133 1962 Fanni,
1161 1879 1280 1963 quode

243 1965 324 2031 mihi
346 1969 475 2030 tantum
496 1965 597 2029 tribui
620 1964 716 2049 dicis,
740 1968 897 2048 quantum
919 1987 980 2051 ego
997 1987 1057 2033 nec
1084 1967 1245 2053 adgnosco

242 2076 302 2121 nec
319 2054 465 2139 postulo,
495 2053 576 2119 facis
604 2053 719 2138 amice3
751 2053 819 2138 sed,
850 2057 888 2119 ut
910 2052 991 2119 mihi
1016 2054 1150 2141 videris,
1180 2078 1247 2122 non

204 2162 230 2201 πο
243 2147 330 2209 recte
352 2142 474 2207 iudicas
497 2141 536 2207 de
553 2139 690 2225 Catone3
713 2147 770 2207 aut
788 2142 874 2207 enim
890 2163 995 2227 nemo,
1013 2144 1099 2228 quod
1117 2145 1246 2229 quidem

244 2231 348 2317 magis
372 2230 476 2314 credo,
499 2233 565 2313 aut,
587 2230 616 2294 si
639 2230 819 2314 quisquam,
841 2229 898 2295 ille
921 2231 1049 2315 sapiens
1071 2232 1143 2297 fuit.
1175 2231 1245 2308 Quo

244 2319 348 2402 modo,
370 2321 407 2383 nt
427 2318 491 2383 alia
510 2317 669 2402 omittam,
687 2322 827 2383 mortem
844 2318 906 2383 filii
923 2320 1013 2384 tulit!
1036 2320 1246 2387 memineram
1337 2391 1342 2396 ,

243 2406 389 2491 Paulum,
412 2407 557 2472 videram
580 2405 712 2491 Galum,
745 2406 802 2471 sed
827 2406 863 2470 hi
892 2406 926 2471 in
952 2407 1074 2491 pueris,
1102 2406 1184 2473 (lato
1211 2410 1246 2474 in

243 2493 386 2580 perlecto
410 2498 443 2559 et
465 2498 611 2580 spectato
634 2494 715 2560 viro.
750 2493 854 2570 Quam
877 2495 1010 2560 obrem
1032 2517 1109 2562 cave
1127 2494 1246 2562 Catoni
1265 2515 1299 2567 10

203 2599 230 2640 2⁶
245 2588 421 2667 anteponas
443 2604 484 2647 ne
506 2583 606 2647 istum
630 2583 758 2667 quidem
781 2583 901 2668 ipsum,
928 2604 1024 2667 quem
1047 2583 1181 2669 Apollo,
1208 2589 1246 2650 ut

244 2671 301 2754 ais,
324 2670 599 2756 sapientissimum
621 2671 789 2755 iudicavit3
811 2671 906 2737 huius
929 2672 1015 2736 enim
1037 2670 1133 2755 facta,
1155 2674 1244 2739 illius
1362 2691 1366 2701 ¹

243 2759 330 2825 dicta
351 2759 534 2825 laudantur.
578 2758 627 2824 De
650 2781 701 2824 me
724 2758 842 2844 autem,
864 2763 901 2824 ut
923 2760 990 2825 iam
1012 2781 1085 2826 cunr
1106 2764 1245 2846 utroque

152 2910 154 2914 .
242 2849 371 2931 loquar,
394 2848 440 2913 sic
461 2848 628 2913 habetote:

308 2934 381 3021 Ego
400 2936 428 3000 si
446 2934 605 3021 Scipionis
624 2936 781 3002 desiderio
795 2958 846 3001 me
863 2937 986 3003 moveri
1004 2957 1128 3023 negem,
1148 2960 1245 3022 quam
1263 2939 1283 3004 3

132 3089 136 3095 ,
203 3042 230 3082 so
242 3024 276 3088 id
297 3028 384 3089 recte
406 3024 533 3109 faciam,
555 3025 696 3091 viderint
718 3024 894 3111 sapientes,
916 3024 973 3089 sed
993 3030 1079 3090 certe
1097 3026 1244 3090 mentiar.

241 3111 374 3177 Moveor
400 3113 485 3177 enim
508 3114 569 3177 tali
592 3113 694 3179 amico
718 3113 866 3197 orbatus,
893 3113 1013 3197 qualis,
1034 3119 1072 3178 ut
1094 3113 1245 3197 arbitror,

241 3222 336 3266 nemo
354 3223 508 3284 umquam
528 3201 598 3285 erit,
620 3205 658 3266 ut
675 3202 865 3268 confirmare
883 3222 1026 3287 possum,
1042 3223 1137 3266 nemo
1158 3204 1244 3265 certe

241 3288 317 3372 fuit3
348 3289 405 3353 sed
435 3310 502 3354 non
533 3310 612 3374 egeo
639 3289 810 3373 medicina,
842 3310 893 3355 me
920 3289 990 3373 ipse
1017 3289 1178 3371 consolor,
1211 3292 1244 3352 et

241 3376 380 3441 mammo
402 3377 462 3442 illo
485 3377 620 3460 solacio,
649 3378 736 3461 quod
758 3399 796 3442 co
815 3398 922 3442 errore
945 3398 1053 3460 careo,
1080 3397 1143 3459 quo
1167 3376 1244 3440 ami-

202 3480 227 3523 85
241 3485 351 3530 corum
375 3465 507 3531 decessu
529 3464 674 3549 plerique
697 3466 775 3551 angi
798 3466 912 3530 solent.
947 3463 1041 3528 Nihil
1063 3463 1143 3527 mali
1165 3464 1243 3529 acci-

241 3552 326 3617 disse
349 3550 493 3638 Scipioni
514 3556 604 3638 puto,
626 3552 707 3617 mihi
729 3553 853 3636 accidit,
876 3552 905 3616 si
928 3550 1004 3636 quid
1026 3551 1154 3635 accidit,
1177 3552 1242 3617 suis

240 3644 350 3707 autem
372 3641 583 3707 incommodis
607 3641 750 3727 graviter
773 3640 852 3726 angi
872 3660 941 3704 non
961 3638 1121 3719 unicum,
1133 3640 1201 3700 sed
1212 3661 1256 3697 ee
