2950 4150
588 318 892 388 carm-,reem
1176 317 1240 384 133

233 481 388 546 admirari
406 481 568 547 videmini.
600 479 724 557 Quibus
744 480 830 545 enim
848 480 931 545 nihil
950 479 1027 544 est
1016 501 1052 544 ιιι
1069 480 1150 565 ipsis
1169 480 1240 580 opis

234 570 274 635 ad
296 569 379 634 bene
401 570 560 654 beateque
585 569 774 654 vivendum,
805 569 851 634 eie
880 568 985 634 omnis
1013 571 1102 634 aetas
1115 569 1240 670 'gruum

233 663 298 740 est3
321 659 376 741 qui
400 662 509 722 autem
533 657 642 722 omnia
664 658 752 723 bona
774 679 795 722 a
816 678 851 722 se
873 656 938 741 ipsi
957 655 1122 758 petunt,''
1099 678 1140 721 ns
1158 655 1242 721 nihil

233 707 358 810 malum
379 749 490 831 potest
512 745 623 830 videri,
646 745 752 846 quoi·
755 749 891 810 naturae
911 744 1088 810 necessitas
1107 743 1241 811 adferat.

182 833 338 910 ⁶Quo
328 855 363 898 m
386 855 503 919 genere
525 834 607 898 est
598 855 632 898 ιιι
655 834 770 919 primis
793 837 960 917 senectus;
992 854 1089 916 quam
1116 838 1154 897 ut
1176 833 1242 897 adi·

234 921 402 1007 piscentur
439 943 551 987 omnes
589 926 718 1007 optant,
760 921 894 986 eandem
931 925 1083 986 accusant
1119 921 1243 1006 adepti3

234 1013 329 1074 tanta
365 1014 416 1075 est
451 1009 613 1075 stultitiae
649 1009 869 1076 inconstantia
904 1013 1002 1093 atque
1036 1009 1242 1094 perversitas.

235 1097 400 1182 Obrepere
424 1097 516 1163 aiunt
540 1120 611 1164 eam
636 1098 742 1180 citius,
761 1119 857 1181 quam
876 1100 1055 1182 putassent.
1097 1096 1243 1161 Primum

237 1186 309 1270 quis
333 1185 441 1271 coegit
464 1207 519 1251 eos
541 1185 662 1251 falsum
684 1210 706 1270 p
729 1185 824 1250 tare?
861 1186 917 1269 qui
943 1185 1029 1250 enim
1052 1184 1148 1250 citius
1168 1185 1244 1250 edu·

198 1292 222 1331 ¹⁰
236 1274 410 1339 lescentiae
425 1277 573 1339 senectus
583 1296 680 1359 quam
695 1272 855 1358 pueritiae
865 1272 1083 1339 adulescentis
1093 1272 1243 1358 obrepit?

236 1361 362 1425 Deinde
386 1361 441 1443 qui
463 1361 570 1425 minus
594 1362 704 1446 gravis
727 1366 814 1426 esset
836 1360 877 1424 iis
905 1364 1066 1446 senectus,
1093 1361 1122 1425 si
1145 1362 1245 1426 octin-

238 1449 455 1535 gentesimum
487 1470 606 1513 annum
639 1452 775 1535 agerent
808 1470 906 1532 quam
938 1448 1244 1535 sioctogesimum‘l

236 1536 416 1621 praeterita
441 1536 526 1602 enim
550 1541 640 1602 aetas
669 1536 817 1621 quamvis
841 1538 940 1623 longa
967 1559 1040 1603 cum
1059 1536 1246 1621 effluxisset,

235 1626 328 1690 nulla
342 1624 522 1690 consolatio
541 1626 741 1709 permulcere
759 1629 871 1709 posset
888 1625 1025 1690 stultam
1038 1628 1244 1690 senectutem.

198 1727 223 1768 ¹⁶
238 1713 395 1790 Quocirca
418 1712 446 1776 si
469 1713 675 1816 sapientiam·
690 1734 796 1779 meam
824 1713 980 1779 admirari
1006 1713 1119 1779 soletis
1148 1711 1279 1798 (quaes

236 1801 363 1866 utinam
391 1800 490 1886 digna
513 1805 599 1866 esset
622 1800 774 1903 opinione
796 1805 906 1866 vestra
927 1805 1105 1885 nostroque
1128 1822 1244 1888 cogno

237 1886 384 1976 minei),
374 1911 409 1954 ιιι
422 1889 485 1954 hoc
503 1910 613 1954 sumus
628 1889 801 1974 sapientes,
812 1889 899 1974 quod
911 1892 1063 1954 naturam
1077 1893 1244 1974 optumam

237 1978 350 2043 ducem
369 1981 538 2062 tamquam
556 1977 651 2042 deum
670 1977 835 2063 sequimur
854 1978 946 2062 eique
959 1999 1124 2063 paremus3
1147 1999 1245 2062 aqua
1265 1987 1269 1997 “

236 2089 303 2132 non
324 2066 394 2131 veri
417 2065 523 2131 simile
546 2069 609 2150 est,
641 2088 714 2132 cum
741 2069 866 2132 ceterae
889 2069 999 2151 partes
1023 2067 1140 2132 aetatis
1163 2067 1245 2131 bene

197 2168 224 2208 2⁰
239 2153 414 2240 discriptae
437 2154 518 2239 sint,
545 2158 724 2220 extremum
752 2158 860 2221 ectum
887 2158 1056 2239 tamqnam
1079 2155 1121 2220 ab
1147 2156 1245 2219 inerti

237 2247 336 2328 potita
358 2263 429 2308 esse
455 2244 649 2329 neglectum.
693 2240 756 2307 Sed
787 2247 898 2308 tamen
928 2264 1058 2309 necesse
1084 2242 1148 2307 fuit
1175 2265 1245 2308 esse

238 2331 361 2415 aliquid
385 2335 565 2396 extremum
588 2337 621 2396 et
643 2335 812 2415 tamquam
833 2332 868 2395 in
891 2332 1045 2396 arborum
1067 2331 1157 2407 bacis
1182 2337 1245 2396 ter·

238 2441 356 2504 raeque
379 2418 540 2485 fructibus
563 2416 753 2484 maturitate
780 2419 977 2503 tempestiva
1004 2419 1105 2503 quasi'
1123 2419 1245 2484 vietum

239 2512 272 2571 et
290 2507 455 2609 caducum,
473 2507 558 2591 quod
571 2507 743 2573 ferundum
757 2511 807 2571 est
821 2507 966 2572 molliter
984 2505 1132 2592 sapienti
1162 2505 1245 2582 Quid

199 2600 290 2660 esest
313 2595 400 2659 enim
423 2595 512 2660 aliud
534 2594 712 2706 Gigantum
735 2595 832 2661 modo
854 2595 978 2660 bellare
1005 2617 1079 2660 cum
1106 2594 1156 2659 dis
1182 2596 1246 2660 nisi

238 2687 374 2749 naturae
397 2680 662 2770 repugnare?

304 2772 449 2838 errros.
485 2771 596 2857 Atqui,
615 2771 707 2856 Cato,
725 2772 947 2856 gratissimum
967 2772 1071 2856 nobis,
1091 2776 1129 2835 ut
1146 2773 1245 2836 etiam
1264 2792 1279 2840 s

239 2882 298 2945 pro
322 2857 471 2945 Scipione
494 2860 659 2945 pollicear,
681 2860 805 2944 feceris,
828 2861 869 2943 si,
892 2858 1046 2944 quoniam
1068 2881 1246 2945 speramus,

239 2948 390 3013 volumus
417 2948 547 3031 quidem
574 2953 660 3014 certe
688 2969 781 3012 senes
807 2948 891 3030 fieri,
922 2948 1027 3012 multo
1059 2952 1134 3012 ante
1166 2972 1186 3012 a
1212 2954 1245 3011 te

199 3055 226 3096 eo
240 3035 454 3119 didicerimus,
468 3037 585 3120 quibus
598 3036 754 3103 facillime
768 3036 949 3100 rationibus
967 3035 1245 3121 ingravescentem

240 3127 381 3189 aetatem
404 3122 488 3188 ferre
511 3125 681 3210 possimus.

305 3212 394 3278 Uaro
433 3210 565 3277 Faciam
596 3233 687 3294 vero,
718 3210 823 3293 Laeli,
845 3212 1037 3295 praesertim
1061 3212 1089 3274 si
1116 3209 1245 3293 utrique

240 3305 393 3381 vestrum,
415 3303 453 3364 ut
476 3300 565 3383 dicis,
587 3304 718 3385 gratum
740 3260 959 3362 futuiumt
910 3303 967 3362 est.

306 3348 450 3454 Lirim
486 3386 646 3452 Volumus
670 3408 761 3470 sane,
787 3386 851 3449 nisi
873 3386 1047 3449 molestum
1069 3388 1131 3466 eet,
1154 3383 1245 3469 Cato,

200 3494 226 3535 ³⁵
240 3480 409 3560 tamquam
422 3477 555 3561 longam
570 3474 758 3559 aliquam
726 3496 815 3539 vram
828 3472 1012 3556 confeceris,
1035 3493 1133 3555 quam
1150 3472 1244 3537 nobis

240 3563 710 3738 ffiueffimffiundunm
658 3562 710 3646 sit,
732 3561 826 3645 istuc,
849 3581 912 3644 quo
931 3559 1117 3643 pervenisti,
1137 3560 1245 3625 videre
