2950 4150
545 298 621 356 OAP.
641 305 718 355 6-8.
755 305 770 366 9
788 305 900 355 22-26.
1162 302 1224 366 171

222 459 505 632 metult?
518 463 643 614 tlte
656 464 825 633 effi,
839 461 1005 633 tutat?
1026 462 1226 616 {bibiti

224 635 375 719 amicitia,
390 635 525 700 iudicari
537 640 654 721 potest.
686 637 939 722 Agrigentinum
953 638 1081 722 quidem
1095 638 1225 705 doctum
1243 656 1278 704 24

223 724 384 809 quendam
401 724 507 788 virum
525 725 720 790 carminibus
735 723 867 790 Graecis
882 726 1095 791 vaticinatum
1108 727 1226 812 ferunt,

196 829 306 898 oquae
324 812 359 876 in
376 833 484 876 rerum
499 817 617 878 natura
629 817 764 897 totoque
782 813 901 878 mundo
919 819 1114 897 constarent,
1133 837 1226 899 quae

225 922 286 984 que
312 904 531 984 moverentur,
564 922 602 966 ea
628 901 819 966 contrahere
847 902 1037 987 amicitiam,
1068 903 1225 989 dissipare

224 987 424 1054 discordiam.
460 987 569 1072 Atque
587 989 648 1054 hoo
667 989 796 1073 quidem
814 1012 924 1056 omnes
947 993 1102 1057 mortales
1125 995 1159 1056 et
1180 992 1226 1056 in-

224 1078 385 1164 tellegrmt
413 1078 446 1140 et
472 1098 507 1140 re
533 1077 682 1161 probant.
726 1077 856 1161 Itaque,
885 1079 913 1143 si
940 1080 1067 1162 quando
1095 1080 1227 1163 aliquod

224 1165 366 1231 officium
395 1163 505 1228 extitit
531 1165 626 1230 amici
647 1165 683 1228 in
712 1166 864 1250 periculis
897 1171 953 1232 aut
984 1168 1137 1232 adeundis
1170 1173 1226 1233 aut

185 1270 211 1310 1⁰
225 1251 510 1337 communicandis,
533 1253 604 1336 quis
628 1257 690 1337 est,
714 1254 769 1337 qui
791 1255 825 1318 id
845 1275 912 1319 non
933 1256 1083 1321 maximis
1106 1256 1226 1322 ecferat

224 1341 395 1406 laudibus?
432 1338 494 1415 Qui
513 1342 671 1406 clamores
693 1345 766 1406 tota
788 1364 886 1407 cavea
907 1364 1009 1427 nuper
1031 1345 1065 1407 in
1086 1344 1225 1429 hospitis

225 1432 259 1493 et
282 1428 376 1493 amici
398 1429 461 1494 mei
482 1427 525 1493 M.
547 1428 668 1494 Pacuvi
689 1451 775 1495 nova
803 1429 927 1494 fabula!
960 1452 1033 1495 cum
1055 1431 1227 1517 ignorante

224 1537 315 1603 rege,
340 1520 412 1582 uter
435 1516 565 1582 Orestes
587 1523 678 1596 essct,
704 1517 836 1601 Pylades
858 1517 1005 1584 Orestem
1032 1540 1066 1583 se
1089 1541 1159 1585 esse
1183 1519 1227 1586 di·

224 1609 319 1688 ceret,
336 1608 373 1669 ut
390 1627 449 1690 pro
468 1605 527 1670 illo
544 1610 721 1690 necaretur,
740 1606 870 1672 Orestes
889 1610 1007 1685 autem,
1027 1608 1074 1672 ita
1091 1612 1129 1672 ut
1147 1613 1226 1693 erat,

185 1709 211 1751 1⁶
225 1693 372 1759 Orestem
395 1715 430 1759 sc
452 1715 523 1759 csse
544 1699 774 1780 perseveraret
818 1693 950 1760 Stantes
972 1696 1171 1780 plaudebant
1192 1697 1228 1760 in

224 1804 259 1848 re
290 1782 381 1865 ficta,
418 1780 495 1864 quid
525 1783 723 1847 arbitramur
754 1783 788 1846 in
820 1804 897 1847 vera
927 1782 1071 1848 faotrrros
1102 1783 1226 1849 trisse?

224 1869 331 1935 Facile
354 1869 518 1934 indicabat
539 1870 611 1955 ipsa
633 1875 751 1935 natura
770 1870 837 1935 vim
856 1891 957 1954 suam,
979 1892 1052 1935 cum
1070 1871 1226 1951 homines,

226 1957 310 2041 quod
331 1957 437 2023 facere
459 1957 524 2043 ipsi
544 1980 611 2023 non
632 1962 780 2043 possent,
808 1957 842 2022 id
864 1962 951 2023 recte
973 1958 1044 2023 fieri
1065 1958 1100 2023 in
1122 1960 1226 2026 altero

226 2046 412 2112 iudicarent.

185 2152 211 2192 ω
288 2134 455 2200 Hactenus
482 2134 563 2199 mihi
588 2135 700 2200 videor
727 2135 766 2199 de
792 2134 935 2201 amicitia
965 2135 1042 2219 qnid
1074 2138 1227 2201 sentirem

224 2224 369 2308 potuisse
392 2222 508 2305 dicere3
536 2222 565 2286 si
592 2245 673 2307 quae
696 2226 864 2307 praeterea
886 2227 962 2287 sunt
986 2221 1093 2308 (credo
1117 2228 1226 2290 autem

225 2333 294 2376 esse
317 2310 449 2397 multa),
477 2310 595 2395 abiis,
623 2311 651 2375 si
673 2310 849 2388 videbitur,
877 2310 932 2392 qui
958 2310 1023 2374 ista
1050 2310 1226 2396 disputant,

226 2400 416 2484 quaeritote.

289 2488 438 2554 Faustus.
470 2486 540 2553 Nos
559 2490 668 2552 autem
687 2509 706 2551 a
723 2489 757 2549 te
772 2485 895 2570 potius3
914 2506 1110 2569 quamquam
1124 2485 1225 2550 etiam
1244 2502 1279 2552 25

184 2589 211 2631 ’ὁ
226 2576 267 2640 ab
289 2575 363 2640 istis
386 2596 481 2660 saepe
505 2575 649 2659 quaesivi
668 2579 701 2639 et
719 2574 827 2639 audivi
843 2595 910 2639 non
927 2573 1048 2638 invitus
1067 2573 1227 2660 equidem;

225 2664 281 2728 sed
304 2663 393 2728 aliud
416 2663 577 2746 quoddam
599 2663 691 2728 filum
715 2662 872 2728 orationis
894 2666 979 2727 tuae.

290 2750 453 2817 aaaron.
498 2750 581 2816 lum
603 2751 709 2837 magis
731 2750 766 2815 id
788 2749 922 2834 diceres,
943 2749 1056 2834 Fanni,
1079 2750 1107 2816 si
1124 2774 1227 2837 nuper

226 2839 259 2901 in
276 2837 381 2902 hortis
395 2836 448 2905 Sci
470 2839 563 2923 ionis,
586 2861 658 2904 oum
677 2841 727 2903 est
747 2838 786 2904 dc
808 2861 843 2904 rc
864 2839 995 2924 publica
1017 2838 1227 2924 disputatum,

227 2923 393 2990 adfuisses.
438 2863 549 3001 Oualis
576 2930 647 2991 tum
673 2930 830 3011 patronus
857 2927 1002 2993 iustitiae
1027 2927 1090 2992 fuit
1113 2932 1227 2993 contra

186 3026 212 3067 ³⁰
227 3015 411 3079 accuratam
434 3015 614 3079 orationem
635 3014 735 3080 Phili!

290 3102 438 3167 Faustus.
469 3101 577 3168 Facile
590 3102 624 3167 id
638 3103 767 3187 quidem
779 3102 851 3187 fuit,
873 3103 1034 3169 iustitiam
1046 3104 1226 3169 iustissimo

225 3191 295 3256 viro
319 3188 495 3255 defendere.

289 3278 452 3345 Seuerou.
488 3277 592 3355 Quid?
615 3280 791 3346 amicitiam
808 3301 914 3346 nonne
931 3280 1027 3345 facile
1050 3280 1088 3363 ei,
1111 3280 1167 3363 qui
1185 3282 1226 3346 ob

225 3390 296 3433 eam
315 3389 442 3432 summa
454 3367 525 3447 fide,
543 3368 727 3434 constantia
740 3368 928 3451 iustitiaque
942 3372 1105 3433 servatam
1118 3391 1227 3435 maxu-

186 3470 211 3511 ³⁵
226 3478 312 3520 mam
337 3456 476 3541 gloriam
498 3457 640 3542 ceperit?

289 3544 433 3612 Lanatus.
468 3543 544 3610 Vim
566 3546 629 3612 hoc
647 3544 777 3631 quidem
794 3550 844 3611 cst
867 3543 1000 3609 adferre.
1036 3541 1119 3618 Quid
1142 3545 1227 3613 enim
1244 3524 1279 3653 ᾗ

224 3630 332 3716 refert,
356 3654 419 3716 qua
441 3655 492 3697 me
514 3634 639 3700 ratione
662 3634 812 3720 cogatis?
834 3632 951 3717 cogitis
975 3635 1068 3697 certe.
1105 3630 1226 3699 Studiis
