2950 4150
520 253 566 309 vi.
597 252 672 306 CAP.
692 259 717 320 a,
737 259 760 307 a
790 259 936 319 §re-sa.
1169 251 1234 317 213

228 417 335 502 signa,
363 415 507 499 tabulas,
536 415 771 500 supellectilem
800 418 832 480 et
860 419 983 480 vestem
1010 415 1137 479 infinite
1163 435 1238 479 con·

227 503 405 588 cupiscenti
422 525 488 568 non
507 503 603 568 modo
623 504 848 588 adsumptum
871 503 927 567 ille
951 506 1001 567 est
1023 502 1157 587 fructus,
1181 502 1236 566 sed

228 593 326 658 etiarn
359 592 399 656 ad
431 591 544 656 faenus
577 592 720 677 exiguus.
775 591 825 656 Ex
857 613 929 657 meo
962 592 1051 656 tenui
1083 590 1236 675 vectigali

228 681 382 746 detractis
411 679 595 764 sumptibus
624 680 810 765 cupiditatis
843 679 966 764 aliquid
998 679 1096 745 etiam
1123 679 1236 743 redun-

198 770 328 834 scabit.
364 767 447 834 Uter
465 768 567 854 igitur
586 772 636 833 est
656 769 796 852 divitior,
819 769 870 834 cui
893 769 984 833 deest
1007 790 1048 832 an
1071 768 1121 834 cui
1145 789 1236 852 supe·

228 857 302 923 ret?
332 857 388 941 qui
415 861 489 943 eget
517 879 558 922 an
586 857 642 941 qui
669 856 833 921 abundat?
864 856 953 922 cuius
981 857 1143 940 possessio
1172 876 1235 940 quo

229 950 279 1011 est
302 946 418 1029 maior,
447 966 484 1010 eo
507 946 582 1030 plus
605 945 742 1028 requirit
765 945 805 1009 ad
829 967 863 1009 se
890 947 1057 1029 tuendam,
1085 967 1126 1009 an
1154 966 1236 1027 quae

230 1034 295 1099 suis
320 1055 354 1098 se
376 1033 501 1098 viribus
525 1033 685 1098 sustinet?
723 1031 786 1098 Sed
804 1034 883 1118 ‘quid
903 1055 963 1119 ego
983 1035 1092 1098 deme
1112 1035 1236 1116 loquor,
1255 1047 1290 1098 50

230 1123 285 1207 qui
308 1143 435 1187 morum
458 1144 496 1186 ec
519 1125 703 1206 temporum
724 1121 805 1187 vitio
830 1121 1032 1206 aliquantum
1051 1122 1148 1186 etiam
1167 1121 1237 1205 ipse

189 1229 215 1267 ιο
229 1211 369 1276 fortasse
391 1210 426 1273 in
449 1209 545 1274 huius
569 1209 689 1276 saeculi
712 1231 820 1274 errore
843 1211 972 1275 verser?
1008 1211 1060 1275 Μ’.
1083 1210 1237 1276 Manilius

229 1303 360 1384 patrum
383 1301 570 1362 nostrorum
593 1297 759 1380 memoria,
781 1319 821 1362 ne
846 1319 971 1383 semper
989 1297 1104 1364 Ourios
1125 1303 1159 1363 et
1176 1297 1236 1363 Lu·

230 1387 336 1453 scinos
364 1387 549 1470 loquamur,
581 1408 703 1471 pauper
732 1385 864 1450 tandem
891 1385 976 1450 fuit?
1007 1387 1124 1452 habuit
1151 1386 1236 1450 enim

230 1475 391 1540 aediculas
414 1474 448 1537 in
472 1471 598 1538 Carinis
622 1478 655 1538 et
676 1474 812 1539 fundum
835 1475 870 1538 in
892 1474 1071 1558 Labican03
1094 1496 1153 1539 nos
1177 1474 1237 1560 igi·

230 1568 284 1628 tur
307 1563 488 1646 divitiores,
518 1563 573 1646 qui
595 1563 690 1649 plura
712 1562 892 1628 habemus?
936 1562 1072 1628 Utinam
1095 1563 1235 1647 quidem!

189 1669 216 1708 ¹⁵
231 1652 286 1717 sed
308 1673 374 1716 non
397 1651 624 1717 aestimatione
647 1674 771 1736 census,
792 1674 905 1716 verum
922 1651 1011 1717 victu
1030 1656 1128 1736 atque
1147 1652 1236 1716 cultu

230 1740 423 1805 terminetur
436 1740 590 1824 pecuniae
604 1740 727 1805 modus.
759 1738 835 1804 Non
850 1760 919 1803 esse
933 1739 1084 1824 cupidum
1102 1739 1237 1823 pecnnia
1256 1755 1287 1803 51

231 1833 293 1912 est,
321 1850 386 1892 non
413 1849 483 1892 esse
512 1849 652 1893 emacem
679 1828 820 1913 vectigal
852 1831 914 1910 est3
946 1831 1133 1893 contentum
1161 1849 1237 1891 vero

231 1918 297 1981 suis
321 1918 416 1981 rebus
441 1938 511 1981 esse
534 1917 693 1981 maximae
716 1921 793 1980 sunt
816 1916 1078 2000 certissimaeque
1098 1915 1238 1980 divitiae.

229 2005 361 2070 Etenim
394 2005 421 2068 si
453 2004 511 2068 isti
543 2005 651 2070 callidi
684 2027 790 2070 rerum
824 2005 1048 2070 aestimatores
1080 2008 1175 2091 prata
1206 2007 1238 2068 et

190 2112 216 2151 20
231 2116 322 2160 areas
347 2094 503 2177 quasdam
526 2115 645 2180 magno
670 2094 853 2178 aestimant,
877 2095 961 2179 quod
985 2095 1014 2159 ei
1038 2095 1147 2180 generi
1167 2116 1238 2178 pos·

231 2183 411 2248 sessionum
444 2182 576 2246 minime
610 2182 702 2265 quasi
734 2184 844 2247 noceri
880 2186 1005 2268 potest,
1042 2184 1156 2266 quanti
1188 2186 1238 2245 est

231 2270 432 2337 aestimanda
454 2270 572 2353 virtus,
600 2292 681 2353 quae
708 2292 767 2336 nec
795 2270 876 2355 eripi
899 2292 957 2335 nec
981 2270 1105 2354 subripi
1128 2273 1238 2355 potest

230 2381 333 2443 neque
362 2358 533 2444 naufragio
566 2380 668 2442 neque
700 2358 847 2423 incendio
880 2358 1042 2422 amittitur
1073 2379 1132 2423 nec
1159 2362 1238 2422 tem·

230 2451 395 2533 pestatum
421 2468 480 2512 nec
507 2451 690 2532 temporum
718 2447 962 2531 perturbatione
986 2449 1142 2510 mutatur!
1175 2469 1238 2530 qua

189 2551 216 2590 2⁵
230 2535 369 2621 praediti
389 2535 444 2620 qui
463 2539 548 2619 sunt,
567 2535 628 2600 soli
648 2539 723 2598 sunt
738 2534 867 2618 divites3
887 2535 949 2599 soli
968 2534 1053 2599 enim
1071 2535 1238 2618 possident
1257 2550 1289 2600 52¹

230 2646 281 2689 res
302 2627 335 2687 et
352 2623 534 2688 fructuosas
554 2628 587 2688 et
606 2623 819 2707 sempiternas
837 2624 972 2707 solique,
995 2623 1080 2707 quod
1099 2627 1149 2687 est
1165 2646 1238 2708 pro·

230 2713 338 2797 prium
362 2711 557 2797 divitiarum,
580 2712 723 2777 contenti
748 2716 822 2776 sunt
845 2712 941 2776 rebus
964 2712 1040 2795 suis,
1063 2711 1144 2776 satis
1168 2734 1237 2777 esse

230 2804 357 2884 putant,
381 2801 466 2884 quod
490 2804 549 2885 est,
571 2800 653 2864 nihil
675 2800 841 2885 adpetunt,
863 2801 954 2865 nulla
973 2821 1008 2864 re
1027 2804 1133 2885 egent,
1155 2801 1237 2864 nihil

232 2889 294 2953 sibi
317 2889 426 2954 deesse
448 2890 601 2971 sentiunt,
624 2888 705 2952 nihil
725 2889 907 2971 requirunt3
929 2888 1058 2972 inprobi
1078 2893 1186 2953 autem
1205 2893 1238 2953 et

191 2992 216 3032 ³0
231 2977 330 3060 arari,
353 2978 506 3061 quoniam
529 2978 669 3043 incertas
693 2980 791 3061 atque
813 2977 848 3040 in
871 2999 946 3042 casu
969 2976 1094 3060 positas
1113 2998 1238 3061 posses·

231 3065 338 3129 siones
365 3065 487 3130 habent
514 3074 547 3131 et
574 3067 647 3151 plus
678 3086 804 3150 semper
836 3065 1006 3149 adpetunt,
1037 3086 1095 3129 nec
1127 3086 1238 3130 eorum

231 3154 401 3238 quisquam
421 3153 524 3219 adhuc
542 3155 691 3219 inventus
709 3158 768 3237 est,
787 3154 871 3238 quoi,
890 3154 975 3238 quod
989 3153 1134 3235 haberet,
1152 3157 1238 3218 esset

230 3243 319 3325 satis,
342 3263 408 3308 non
431 3243 527 3309 modo
550 3264 616 3307 non
639 3242 762 3327 copiosi
785 3264 822 3307 ac
846 3243 971 3326 divites,
995 3241 1051 3307 sed
1074 3242 1172 3306 etiam
1191 3242 1237 3307 in·

230 3352 307 3416 opes
332 3353 368 3397 ac
392 3352 550 3416 pauperes
574 3331 779 3396 existimandi
803 3336 886 3397 sunt.
