2950 4150
257 320 320 384 156
493 317 586 372 CATO
604 317 722 372 MAIOR
740 317 789 371 DE
809 317 1020 373 SENECTUTE

256 480 441 545 diuturnum
465 481 593 564 quidem
617 483 789 564 quicquam
816 480 956 563 videtur,
985 479 1106 564 inquo
1130 484 1180 544 est
1204 480 1260 544 ali·

255 568 333 653 quid
351 572 537 633 extremum.
574 566 656 633 (ium
670 568 757 632 enim
770 567 803 632 id
818 567 957 650 advenit,
975 571 1046 632 tum
1063 567 1155 649 illud,
1175 568 1260 651 quod

254 657 436 742 praeteriit,
463 657 600 739 effluxit3
629 660 758 720 tantum
785 658 942 739 remanet,
970 655 1055 740 quod
1082 656 1204 721 virtute
1227 660 1260 720 et

255 749 340 810 recte
367 744 463 809 iactis
491 748 681 810 consecutus
709 744 767 826 sis;
799 743 898 808 horae
927 743 1056 827 quidem
1082 744 1200 809 cedunt
1228 748 1261 808 et

256 831 323 896 dies
346 836 379 897 et
401 854 527 897 menses
550 836 583 897 et
607 832 695 915 anni,
722 853 781 897 nec
808 832 1020 916 praeteritum
1041 836 1170 916 tempus
1193 854 1260 898 um-
1287 850 1299 890 c

256 943 353 1004 quam
370 921 552 1022 revertitur,
570 942 637 1004 nec,
662 919 738 1003 quid
757 924 919 1003 aequatur,
938 920 1012 986 sciri
1029 924 1152 1005 potest3
1175 920 1260 1004 quod

203 1113 236 1161 το
255 1008 1159 1180 {iiiiiiffpitiutdeffiii'isiiimtfftriiiiff
1191 1029 1260 1180 {¹25

256 1184 381 1271 agenda
402 1183 515 1249 fabula
537 1188 601 1268 est,
628 1184 738 1268 modo,
767 1185 802 1247 in
830 1205 1029 1268 quocumque
1050 1184 1150 1249 fuerit
1177 1187 1260 1264 actu,

254 1273 423 1357 probetur,
449 1294 553 1356 neque
581 1272 720 1357 sapienti
747 1294 848 1356 usque
876 1272 917 1336 ad
939 1271 1111 1337 ‘Plaudite'
1133 1272 1259 1337 venien-
1276 1291 1302 1328 ιο

256 1361 332 1424 dum
360 1364 418 1425 est.
463 1360 566 1425 Breve
594 1361 680 1424 enim
707 1363 834 1443 tempus
863 1361 980 1425 aetatis
1013 1360 1093 1424 satis
1125 1360 1260 1446 longum

256 1452 306 1512 est
329 1448 369 1513 ad
387 1448 468 1512 bene
488 1449 686 1531 honesteque
705 1448 890 1531 vivendum3
913 1449 964 1512 sin
981 1449 1176 1532 processerit
1194 1448 1260 1512 lon-

256 1539 338 1622 gius,
360 1557 425 1600 non
447 1537 553 1621 magis
576 1535 749 1599 dolendum
772 1539 831 1618 est,
854 1556 951 1617 quam
970 1535 1132 1620 agricolae
1150 1535 1260 1599 dolent
1329 1536 1331 1538 ’

254 1624 433 1708 praeterita
459 1622 550 1688 verni
577 1623 733 1706 temporis
753 1623 922 1686 ‘suavitate
951 1626 1108 1686 aestatem
1136 1626 1260 1687 autum·

254 1733 395 1795 numque
426 1712 561 1775 venisse.
605 1709 672 1774 Ver
699 1709 784 1773 enim
813 1714 981 1793 tamquam
1008 1709 1259 1776 adulescentiam
1275 1728 1300 1767 1⁵

255 1797 813 1971 Lffltt‘zttttbtttt
829 1796 1124 1971 biantis?
1139 1803 1257 1952 ,uzu

204 1990 235 2038 ⁷1
256 1975 387 2040 modata
411 1978 494 2039 sunt.
534 1973 672 2039 Fructus
695 1978 804 2039 autem
827 1975 1001 2038 senectutis
1024 1978 1083 2058 est,
1105 1980 1142 2040 ut
1164 1996 1260 2059 saepe

256 2063 330 2147 dixi,
350 2066 425 2127 ante
438 2065 607 2148 partorum
621 2062 781 2127 bonorum
794 2063 951 2128 memoria
964 2068 998 2128 et
1011 2063 1112 2148 copia.
1144 2063 1261 2129 Omnia

256 2155 378 2234 autem,
406 2172 487 2233 quae
515 2150 688 2215 secundum
714 2155 865 2216 naturam
888 2152 984 2236 fiunt,
1014 2156 1090 2216 sunt
1111 2152 1260 2217 habenda
1274 2171 1300 2210 2⁰

255 2240 289 2303 in
315 2239 419 2303 bonis.
469 2235 551 2313 Quid
582 2242 633 2302 est
664 2243 772 2303 autem
804 2244 872 2304 tam
904 2240 1078 2305 secundum
1109 2244 1259 2304 naturam

256 2350 352 2411 quam
372 2326 501 2391 senibus
520 2326 643 2391 emori?
666 2327 752 2411 quod
770 2327 855 2393 idem
873 2328 1033 2413 contingit
1052 2326 1260 2392 adulescenti·

254 2416 316 2481 bus
339 2416 530 2480 adversante
553 2419 587 2478 et
613 2420 815 2500 repugnante
841 2419 966 2480 natura.
1012 2414 1126 2498 Itaque
1154 2415 1259 2480 adule-

256 2508 380 2569 scentes
403 2503 484 2567 mihi
506 2502 589 2567 mori
612 2503 658 2567 sic
681 2502 843 2586 videntur,
872 2507 909 2567 ut
931 2525 1004 2568 cum
1028 2525 1130 2587 aquae
1152 2504 1260 2569 multi·

254 2591 365 2656 tudine
392 2591 541 2655 flammae
567 2589 617 2654 vis
645 2590 852 2674 opprimitur,
882 2612 973 2656 senes
1001 2596 1109 2656 autem
1138 2592 1197 2677 sic,
1223 2597 1260 2657 ut
1274 2609 1302 2649 2⁵

256 2701 328 2744 cum
357 2700 415 2742 sua
442 2681 558 2763 sponte
585 2677 677 2742 nulla
704 2678 851 2744 adhibita
877 2680 910 2743 vi
937 2683 1146 2765 consumptus
1174 2680 1260 2766 ignis

257 2767 469 2851 extinguitur3
500 2769 533 2829 et
565 2766 658 2848 quasi
688 2788 787 2851 poma
819 2789 857 2832 ex
889 2768 1073 2850 arboribus,
1105 2768 1203 2834 cruda
1232 2769 1260 2832 si

257 2859 341 2936 sunt,
364 2855 417 2920 vix
441 2853 631 2937 evelluntur,
654 2854 683 2918 si
705 2859 835 2920 matura
857 2859 890 2919 et
910 2859 1010 2939 cocta,
1033 2856 1191 2939 decidunt,
1214 2856 1260 2921 sic

256 2943 358 3007 vitam
379 2942 648 3007 adulescentibus
680 2943 730 3008 ris
763 2943 881 3027 aufert,
913 2944 1043 3009 senibus
1075 2945 1260 3026 maturitas,

257 3053 339 3115 quae
362 3030 490 3114 quidem
513 3030 593 3093 mihi
616 3034 685 3094 tam
707 3030 846 3095 iucunda
868 3035 931 3114 est,
958 3036 1008 3115 ut,
1040 3054 1103 3115 quo
1126 3032 1258 3116 propius
1273 3048 1303 3089 ω

256 3120 297 3184 ad
320 3122 459 3184 mortem
482 3118 643 3201 accedam,
673 3119 766 3201 quasi
792 3123 914 3183 terram
942 3120 1049 3184 videre
1071 3119 1181 3183 videar
1203 3118 1259 3183 ali-

257 3208 448 3291 quandoque
471 3206 506 3270 in
527 3210 659 3291 portum
682 3227 720 3269 ex
744 3206 844 3291 longa
865 3208 1074 3293 navigatione
1096 3227 1167 3270 esse
1186 3228 1259 3271 ven-

221 3276 357 3401 giemus.
402 3292 582 3359 Senectutis
611 3298 719 3358 autem
746 3295 855 3358 nullus
883 3299 934 3359 eat
959 3299 1065 3359 certus
1094 3294 1260 3376 terminus,

255 3388 404 3468 recteque
422 3383 457 3447 in
476 3404 513 3446 ea
531 3382 667 3459 vivitur,
690 3382 796 3464 quoad
813 3404 929 3448 munus
952 3381 1052 3447 officii
1074 3384 1205 3465 exsequi
1227 3388 1261 3447 et

254 3472 339 3536 tueri
366 3471 470 3555 possit
494 3472 709 3552 [mortemque
737 3472 969 3552 contemnere];
996 3491 1035 3534 ex
1058 3491 1121 3553 quo
1144 3471 1196 3555 fit,
1222 3475 1260 3536 ut
1274 3490 1298 3531 ar

255 3560 432 3624 animosior
448 3558 547 3623 etiam
566 3561 712 3623 senectus
732 3559 776 3622 sit
795 3581 891 3642 quam
910 3557 1127 3623 adulescentia
1146 3562 1179 3623 et
1196 3558 1260 3624 for-

244 3646 434 3740 trbnsHoc
454 3646 538 3710 iilud
563 3651 622 3731 ost,
645 3646 731 3731 quod
748 3646 922 3711 Pisistrato
941 3649 1080 3729 tyranno
1104 3669 1124 3712 a
1142 3644 1260 3713 Solone

204 3276 212 3303 ί

204 3352 218 3400 7
