2950 4150
597 304 644 374 Ν,
662 306 696 360 V.
723 311 739 372 ξ
757 313 871 362 27—33.
1172 305 1236 370 207

226 467 399 552 profiteris,
423 488 504 550 quos
527 467 617 552 leger
641 468 737 532 exilio
761 468 855 533 adfici
875 468 999 549 volunt,
1022 469 1131 531 exules
1151 472 1237 551 sunt,

226 554 357 620 etiamsi
376 555 482 620 solum
500 577 567 620 non
586 560 762 620 mutarunt.
794 557 856 639 An,
874 578 947 620 eum
966 577 1078 620 omnes
1097 559 1130 620 te
1145 555 1235 640 leges

227 644 354 708 exulem
383 665 453 708 esse
481 644 645 709 iubeant.
670 693 707 709 ..
731 644 785 725 .†
813 645 956 730 appellet
985 645 1148 726 inimicus,
1181 644 1236 728 qui

226 753 300 797 cum
322 733 389 796 telo
413 731 533 796 fuerit?
574 733 662 797 Ante
685 738 833 797 senatum
856 738 914 797 tua
942 732 1009 797 sice
1036 731 1236 817 deprehensa

187 840 200 880 ι
227 824 285 884 est
323 818 385 894 Qui
407 819 572 884 hominem
593 820 768 887 occiderit?
804 820 967 886 Plurimos
987 820 1141 886 occidisti.
1174 818 1237 895 Qui

225 908 408 972 incendium
430 908 565 973 fecerit?
610 909 710 973 Aedis
733 908 959 995 Nympharum
983 931 1082 974 manu
1105 912 1162 972 tua
1186 909 1236 972 de·
1302 971 1306 979 ,

226 996 387 1082 flagravit.
433 995 496 1072 Qui
526 998 650 1082 temple
681 998 909 1083 occupaverit?
954 997 993 1063 In
1024 997 1095 1062 foro
1129 1001 1237 1062 castra

226 1085 374 1169 posuisti.
411 1082 474 1150 Sed
497 1086 636 1172 quid„
597 1108 638 1149 eo
639 1109 657 1151 o
679 1108 865 1152 communes
888 1087 977 1173 leges
1000 1085 1145 1171 profero,
1169 1085 1236 1169 qui·
1255 1102 1289 1151 32

225 1172 287 1237 bus
315 1172 465 1238 omnibus
498 1196 532 1238 es
565 1173 660 1239 exul?
705 1174 992 1240 Familiarissimus
1024 1180 1100 1239 tuus
1133 1174 1171 1238 de
1203 1178 1236 1238 te

187 1281 214 1321 ιι
226 1260 434 1347 privilegium
448 1262 535 1341 tulit,
558 1267 604 1346 ut,
628 1263 655 1326 si
677 1262 712 1326 in
731 1269 879 1347 opertum
898 1263 1009 1327 Bonae
1028 1261 1115 1327 Deae
1134 1284 1237 1328 acces-

227 1349 336 1434 sisses,
358 1351 514 1415 exulares.
552 1350 599 1414 At
621 1355 654 1414 te
676 1351 710 1415 id
732 1351 846 1416 fecisse
870 1351 968 1415 etiarn
987 1350 1123 1435 gloriari
1142 1352 1236 1415 soles.

226 1435 297 1512 Quo
320 1440 416 1504 modo
436 1439 538 1523 igitur
559 1442 611 1503 tot
629 1440 756 1524 legibus
776 1440 896 1505 eiectus
915 1439 1101 1504 inexilium
1118 1460 1237 1503 nomen

227 1525 330 1590 exulis
357 1549 424 1592 non
450 1527 691 1612 perhorrescis?
736 1527 876 1594 Romae
904 1527 1001 1607 sum’,
1032 1527 1147 1628 inquit
1191 1526 1237 1590 Et

227 1614 389 1700 quidem
379 1637 414 1680 ιιι
423 1621 551 1718 'operto
574 1616 672 1682 fuisti
708 1618 784 1683 Non
802 1618 913 1704 igitur,
935 1617 991 1681 ubi
1011 1618 1147 1700 quisque
1165 1618 1237 1699 erit,

188 1718 214 1760 ιι
228 1702 296 1767 eius
325 1703 430 1768 loci
420 1726 470 1770 rus
503 1706 642 1788 tenebit,
675 1706 703 1769 si
733 1707 780 1770 ibi
813 1728 886 1770 eum
918 1705 1046 1790 legibus
1075 1725 1144 1768 esse
1172 1725 1237 1768 non

227 1792 404 1876 oportebit.

546 2001 853 2068 PARADOXON
874 2001 914 2068 V.

306 2104 382 2261 ’0ιὲ
409 2106 512 2261 epictec
539 2104 558 2174 ὁ
586 2104 693 2192 σοφὸς
725 2105 903 2192 ἐλεύθερος
932 2108 989 2174 καὶ
1019 2113 1083 2188 πᾶς
1117 2108 1237 2195 ἄφρων

384 2220 425 2262 ου
447 2221 483 2274 ος

189 2337 215 2378 ro
293 2318 458 2385 Laudetur
480 2343 557 2386 vero
580 2321 664 2385 hic
655 2324 795 2404 1mperat
796 2342 833 2384 or
856 2324 913 2384 aut
937 2321 1035 2385 etiem
1054 2322 1237 2406 appelletur
1258 2303 1274 2363 Ῑ

229 2412 286 2472 aut
312 2408 374 2474 hoc
400 2409 530 2473 nomine
559 2411 675 2496 dignus
703 2413 762 2492 put
749 2410 848 2474 tetur!
886 2407 955 2483 Quo
982 2409 1077 2474 modo
1106 2415 1163 2474 aut
1186 2412 1237 2475 cui
1256 2378 1290 2427 ³³

228 2497 360 2562 tandem
377 2496 431 2562 hic
449 2498 552 2562 libero
571 2497 754 2581 imperabit,
773 2497 829 2599 qui
846 2518 912 2561 non
927 2500 1037 2581 potest
1055 2499 1177 2583 cupidit
1178 2500 1237 2563 ati-

227 2585 289 2650 bus
303 2586 370 2650 suis
384 2586 567 2670 imperare?
599 2586 752 2651 Refrenet
752 2585 907 2737 tprimum
926 2586 1085 2669 libidines,
1104 2592 1237 2672 spernat

228 2674 425 2759 voluptates,
442 2675 775 2757 iracundiamtttenea
796 2678 942 2739 coerceat
957 2675 1137 2759 avaritiam,
1155 2679 1237 2741 cete·

190 2778 282 2826 roras
306 2762 407 2827 animi
429 2763 520 2827 labes
544 2764 698 2848 repellat,
668 2767 792 2827 ttum
814 2763 949 2846 incipiat
971 2763 1078 2827 aliis
1069 2786 1237 2847 imperare,

229 2870 302 2915 cum
325 2852 394 2936 ipse
417 2851 668 2935 improbissimis
691 2850 842 2933 dominis,
870 2850 1017 2915 dedecori
1040 2873 1077 2915 ac
1100 2853 1292 2940 turpitu-

230 2937 309 3021 dini,
336 2961 450 3023 parere
478 2940 622 3023 desierit,
651 2940 725 3004 dum
750 2940 879 3023 quidem
901 2940 952 3004 his
983 2939 1145 3022 oboediet,
1171 2961 1237 3004 non

229 2990 357 3092 modo
347 3033 487 3112 1mperat
489 3051 535 3112 or,
558 3029 614 3092 sed
636 3029 719 3092 liber
742 3028 909 3092 habendus
933 3028 1063 3093 omnino
1082 3050 1148 3092 non
1166 3028 1237 3091 erit

228 3114 398 3181 Praeclare
416 3116 503 3180 enim
521 3120 572 3180 est
589 3116 650 3182 hoc
673 3121 864 3201 usurpatum
884 3139 903 3181 a
926 3117 1122 3181 doctissimis
1145 3114 1237 3199 (quo

190 3218 302 3267 lorum
325 3224 386 3289 ego
410 3204 604 3269 auctoritate
627 3225 692 3268 non
715 3209 831 3290 uterer,
855 3206 883 3269 si
906 3206 987 3270 mihi
1005 3205 1091 3290 apud
1110 3205 1237 3288 aliquos

228 3296 375 3377 agrestes
403 3293 483 3358 haec
510 3291 659 3356 habenda
687 3298 773 3357 esset
801 3294 921 3377 oratio,
950 3316 1023 3360 cum
1050 3314 1127 3358 vero
1151 3293 1237 3376 apud

228 3380 497 3465 prudentissimos
521 3381 646 3465 loquar,
669 3382 786 3464 quibus
809 3381 888 3446 haec
911 3382 1058 3446 inaudita
1078 3403 1144 3446 non
1163 3381 1237 3464 sint,

228 3489 285 3533 cur
312 3490 373 3554 ego
401 3470 551 3533 simulem
579 3489 644 3552 me,
676 3469 704 3532 si
733 3469 809 3551 quid
836 3470 871 3533 in¹
897 3470 949 3533 his
977 3470 1092 3533 studiis
1120 3491 1236 3554 operae

228 3557 403 3641 posuerim,
425 3555 638 3641 perdidisset)
663 3556 784 3621 dictum
807 3562 857 3621 est
879 3557 981 3642 igitur
999 3559 1040 3622 ab
1060 3558 1236 3622 eruditissi-

189 3658 215 3701 ³⁶
228 3646 289 3710 mis
308 3645 388 3710 viris
406 3646 470 3710 nisi
490 3646 670 3734 sapientem
692 3646 836 3711 liberum
855 3666 930 3711 esso
946 3646 1129 3709 nemimem.
1154 3645 1253 3715 <totu
1261 3661 1305 3700 ss
