2950 4150
522 327 598 384 car.
618 334 714 383 9-11.
752 334 900 394 §ao-ao.
1152 332 1217 396 143

207 491 311 577 igitur
333 491 393 554 has
416 491 562 574 eorporis
585 512 627 555 an
644 489 852 576 Pythagorae
869 490 932 554 tibi
950 492 1045 556 malis
1063 493 1149 555 vires
1169 491 1217 556 in·

209 579 297 681 genii
316 578 407 643 dari?
444 577 591 662 Denique
609 578 653 642 ist
638 581 673 643 to
692 579 778 643 bono
801 582 904 662 utare,
927 579 1003 644 dum
1023 579 1118 662 adsit,
1144 602 1217 644 eum

209 667 311 751 absit,
337 688 378 732 ne
405 666 566 750 requiras,
591 665 656 731 nisi
683 665 768 731 forte
791 629 977 732 aduledcent
962 671 1012 732 tes
1035 629 1217 769 pueritiam,

208 755 379 843 paululum
399 758 505 819 aetate
523 755 689 840 progressi
707 755 960 821 adulescentiam
978 756 1096 821 debent
1113 756 1218 841 requi-

181 861 290 909 srere.
335 841 457 909 Cursus
485 847 535 907 est
562 847 668 907 certus
696 843 814 908 aetatis
842 847 876 908 et
901 866 967 908 una
992 844 1047 910 via
1072 848 1217 928 naturae,

209 954 310 1017 eaque
333 931 480 1016 simplex,
503 952 625 1014 suaque
643 931 757 1015 cuique
775 933 863 1015 parti
881 932 998 997 aetatis
1017 932 1216 1017 tempestivi·

207 1025 260 1085 tas
284 1023 335 1085 est
362 1021 452 1102 data,
477 1022 516 1083 ut
542 1023 576 1083 et
601 1019 738 1084 infirmit
724 1022 776 1084 tas
802 1041 976 1104 puerorum
1003 1025 1037 1086 et
1062 1021 1216 1085 ferocitas

207 1109 360 1174 iuvenum
388 1111 421 1173 et
448 1107 594 1193 gravitas
621 1108 688 1172 iam
710 1108 890 1173 constantis
914 1109 1032 1173 aetatis
1055 1113 1089 1173 et
1111 1130 1217 1173 senee-

208 1197 290 1262 tutis
317 1195 491 1261 maturitas
517 1197 666 1261 naturale
695 1195 847 1278 quiddam
874 1197 1007 1281 habeat,
1039 1197 1125 1281 quod
1157 1218 1216 1262 suo

169 1303 195 1342 1⁰
208 1289 355 1370 tempore
381 1283 505 1369 percipi
531 1283 655 1348 debeat.
699 1283 822 1348 Audire
849 1288 882 1348 te
910 1286 1065 1368 arbitror,
1098 1283 1215 1370 Scipio,
1234 1308 1269 1357 34

208 1374 328 1457 hospes
349 1375 425 1437 tuus
448 1372 555 1437 avitus
577 1371 751 1437 Masinissa
774 1394 855 1456 quae
878 1371 978 1438 faciat
999 1373 1095 1438 hodie
1115 1395 1215 1438 nona·

210 1461 303 1547 ginta
333 1463 430 1524 natus
463 1481 579 1544 annos3
615 1483 688 1525 cum
717 1461 884 1546 ingressus
911 1461 974 1526 iter
1000 1461 1136 1546 pedibus
1164 1462 1216 1544 sit,

208 1550 244 1613 in
265 1570 382 1633 equum
405 1549 536 1613 omnino
557 1569 622 1613 non
640 1549 820 1633 ascendere,
842 1571 915 1614 oum
934 1552 1043 1614 autem
1062 1571 1154 1635 equo,
1177 1570 1216 1613 ex

209 1659 290 1721 equo
316 1658 384 1702 non
411 1636 615 1720 descendere,
640 1637 731 1702 nullo
759 1636 870 1720 imbri,
896 1639 988 1701 nullo
1014 1638 1138 1724 frigore
1161 1637 1215 1702 ad-

170 1741 196 1782 15
210 1725 295 1809 duci,
321 1730 359 1790 ut
382 1725 488 1809 capite
511 1729 624 1810 operto
648 1725 704 1809 sit,
735 1747 894 1790 summam
917 1747 987 1790 esse
1009 1727 1045 1790 in
1067 1747 1105 1790 eo
1129 1726 1216 1790 sicei-

208 1818 311 1878 tatem
333 1813 493 1898 corporis,
518 1813 629 1897 itaque
657 1813 767 1878 omnia
793 1813 907 1897 exequi
933 1813 1021 1900 regis
1049 1813 1156 1879 officia
1183 1817 1216 1877 et

208 1923 350 1967 munera.
380 1901 495 1966 Potest
508 1901 611 1988 igitur
630 1901 816 1967 exercitatio
835 1905 869 1966 et
887 1901 1103 1986 temperantia
1117 1902 1216 1965 etiam

208 1990 243 2054 in
264 1992 429 2056 senectute
452 2011 643 2055 conservare
666 1989 790 2073 aliquid
811 1990 943 2075 pristini
964 1990 1101 2055 roboris.

274 2078 351 2144 Non
364 2083 442 2143 sunt
454 2078 490 2142 in
504 2082 668 2145 senectute
681 2080 776 2143 vires.
802 2077 854 2143 Ne
862 2080 1071 2165 postulantur
1086 2079 1216 2163 quidem
1227 2086 1266 2149 11

166 2183 195 2224 ιο
208 2167 294 2232 vires
317 2189 337 2231 a
360 2169 532 2233 senectute.
568 2166 658 2253 Ergo
681 2173 714 2232 et
736 2168 864 2254 legibus
888 2173 921 2232 et
940 2167 1102 2232 institutis
1120 2172 1216 2232 vacat

209 2260 298 2321 aetas
316 2259 430 2320 nostra
448 2255 635 2320 muneribus
653 2255 702 2335 iis,
721 2277 803 2339 quae
820 2277 887 2320 non
904 2262 1042 2340 possunt
1059 2257 1128 2320 sine
1141 2256 1215 2320 viri·

208 2344 268 2409 bus
292 2343 453 2408 sustineri.
489 2343 604 2427 Itaque
626 2365 692 2409 non
714 2344 820 2427 modo,
843 2343 929 2427 quod
950 2365 1017 2408 non
1033 2364 1216 2428 possumus,

208 2433 264 2497 sed
285 2453 327 2497 ne
350 2436 507 2515 quantum
525 2453 696 2517 possumus
717 2432 845 2516 quidem
863 2431 1018 2517 cogimur.
1054 2432 1101 2495 At
1119 2431 1215 2496 multi
1233 2452 1267 2502 aa

207 2521 256 2584 ita
279 2524 355 2583 sunt
377 2519 522 2585 inbecilli
545 2542 651 2604 senes,
673 2524 710 2585 ut
732 2520 859 2585 nullum
882 2519 981 2585 officii
1004 2525 1061 2584 aut
1084 2520 1214 2586 omnino

165 2623 193 2665 *ὁ
207 2608 296 2674 vitae
317 2629 433 2672 munus
457 2609 591 2711 exsequi
609 2571 746 2694 pdssint.
781 2610 828 2673 At
850 2608 883 2673 id
904 2608 1033 2693 quidem
1055 2630 1122 2673 non
1143 2632 1215 2694 pro

206 2696 314 2781 prium
338 2697 512 2761 senectutis
533 2696 649 2761 vitium
666 2702 726 2780 est,
749 2697 805 2762 sed
823 2719 991 2763 commune
1009 2698 1214 2763 valetudinis

207 2782 310 2860 Quam
328 2784 392 2849 fuit
410 2785 580 2850 mbeerllus
599 2783 634 2849 P
653 2747 800 2850 Africani
817 2785 964 2869 filius,1s
984 2786 1040 2870 qui
1061 2790 1095 2850 te
1118 2787 1215 2872 adop-

207 2873 305 2957 tavit,
331 2895 429 2957 quam
452 2874 542 2939 tenui
566 2877 622 2939 aut
644 2875 735 2938 nulla
758 2878 816 2959 pot
817 2875 867 2938 ius
892 2837 1090 2939 ialetudinel
1121 2872 1214 2950 Quod

205 2961 241 3025 ni
263 2962 311 3027 ita
332 2962 458 3046 fuisset,
482 2963 621 3027 alterum
642 2962 801 3027 illudt
747 2966 813 3027 extr
804 2963 909 3027 'tisset
931 2962 1041 3027 lumen
1058 2962 1214 3045 civitatis,

165 3066 194 3107 ιο
207 3049 249 3115 ad
270 3014 458 3135 paternam'
464 3051 550 3115 enim
572 3051 830 3152 magnitudinem
853 3050 953 3115 animi
975 3052 1076 3116 doct'
1035 3055 1122 3116 tnna
1139 3053 1214 3116 ube·

206 3138 273 3202 rior
296 3142 484 3205 accesserat.
526 3136 610 3214 Quid
632 3140 751 3204 mirum
773 3140 836 3225 igit
836 3162 875 3203 ur
897 3140 933 3203 in
954 3139 1094 3223 senibus,
1117 3138 1146 3202 si
1167 3137 1213 3201 in·

205 3225 291 3290 firmi
315 3229 381 3291 sint
404 3227 592 3311 aliquando,
620 3249 693 3293 cum
719 3228 754 3291 id
776 3249 817 3291 ne
841 3226 1025 3291 adulescent
1011 3231 1060 3291 tes
1084 3225 1214 3309 quidem

206 3314 347 3399 effugere
374 3316 524 3399 possint?
568 3315 679 3380 Resist
665 3316 812 3398 tendum,
838 3314 930 3379 Laeli
957 3319 990 3378 et
1016 3312 1138 3397 Scipio,
1167 3335 1213 3377 se

203 3404 328 3468 nectuti
347 3407 406 3486 est,
428 3404 559 3488 eiusque
578 3404 659 3470 vitia
677 3404 815 3490 diligent
801 3402 849 3467 tia
867 3402 1105 3486 compensanda
1123 3404 1213 3482 sunt3

160 3506 191 3547 ⁸⁶
204 3453 413 3575 pugnanduni
427 3495 595 3576 tamquam
613 3496 728 3557 eontra
750 3490 985 3556 morborum
955 3512 1022 3552 ιιιιι
1041 3490 1086 3552 sio
1100 3450 1213 3554 contrd

205 3584 412 3663 senectutem,
429 3579 645 3644 habendat
591 3583 645 3644 rat
645 3580 677 3644 io
695 3578 901 3677 valetudinis,
918 3576 1074 3640 utendum
1097 3578 1213 3642 exerci·
1232 3593 1263 3643 36

203 3666 383 3732 tationibus
398 3668 541 3751 modicis,
561 3670 690 3732 tantum
704 3668 769 3733 cibi
783 3671 817 3732 et
829 3662 978 3752 potionis
988 3663 1237 3737 eumaem,

612 3931 745 3963 ᾔ
