2950 4150
244 294 308 358 208
650 290 851 345 PARADOXA

244 460 295 519 est
317 455 401 519 enim
424 454 583 518 libertae?
628 453 780 517 Potestas
803 453 945 536 vivendi,
974 458 1012 516 ut
1034 453 1125 518 velis.
1172 451 1251 528 Quis

243 543 351 697 {hl}
368 541 1255 714 tlthitrthhhhiltiroh

352 682 360 714 7

244 721 363 804 quine
386 719 513 804 legibus
537 718 665 803 quidem
688 722 823 803 propter
845 723 968 783 metum
990 722 1094 802 paret,
1117 717 1174 782 sed
1198 739 1255 785 eas

245 808 391 891 sequitur
409 813 442 872 et
460 807 547 891 colit,
568 807 644 890 quia
661 806 694 870 id
713 807 856 871 salutare
875 829 946 871 esse
964 806 1104 871 maxime
1122 806 1255 892 iudicat,
1279 823 1291 867 ι

245 897 300 980 qui
322 896 405 960 nihil
429 896 519 979 dicit,
546 894 745 980 nihilfecit,
771 895 854 959 nihil
882 895 1007 980 cogitat
1030 895 1167 979 denique
1189 894 1256 961 nisi

244 985 393 1050 lubenter
416 1007 453 1050 ao
476 985 586 1066 libere,
609 984 698 1048 ouius
718 984 826 1048 omnia
844 983 980 1049 consilia
997 1004 1112 1067 resque
1131 1005 1256 1068 omnes,

245 1095 325 1157 quas
349 1073 448 1159 gerit,
475 1073 516 1136 ab
544 1072 615 1156 ipso
643 1073 891 1156 proficiscuntur
914 1072 1089 1155 eodemque
1112 1071 1256 1137 referun-

245 1166 312 1244 tur,
343 1183 401 1225 nee
434 1164 484 1225 eat
510 1161 579 1225 ulla
606 1183 671 1244 res,
704 1182 786 1244 quae
813 1161 887 1245 plus
915 1160 1000 1245 apud
1028 1181 1101 1224 eum
1129 1147 1257 1245 polleat

246 1271 343 1334 quam
375 1249 477 1334 ipsius
508 1250 661 1314 voluntas
699 1253 809 1334 atque
832 1249 998 1331 iudicium3
1035 1248 1086 1314 cni
1124 1249 1255 1332 quidem
1269 1267 1295 1307 ιι

245 1339 357 1420 etiam,
389 1360 470 1421 quae
502 1338 568 1403 vim
594 1338 714 1403 habere
742 1338 916 1402 maximam
946 1336 1075 1419 dieitur,
1106 1335 1255 1403 Fortuna

244 1426 428 1599 lllgtll’
445 1425 1256 1599 htttll¹²⁸tlllg1thht¹²tottii‘¹3¹5

244 1602 357 1688 pienti,
379 1605 416 1666 ut
439 1601 520 1664 nihil
543 1601 642 1665 faeiat
664 1601 795 1682 invitus,
818 1602 899 1664 nihil
920 1601 1040 1684 dolens,
1063 1603 1144 1666 nihil
1164 1622 1254 1668 coao-

191 1708 226 1758 ab
245 1695 308 1755 tua.
353 1689 444 1765 Quod
468 1689 530 1754 etsi
552 1691 600 1754 ita
623 1710 693 1754 esse
720 1689 868 1773 pluribus
896 1690 1003 1753 verbis
1032 1689 1253 1756 disserendum
1267 1708 1294 1748 1⁵

245 1783 304 1864 est,
326 1779 409 1843 illud
431 1783 542 1843 tamen
564 1784 598 1843 et
620 1779 716 1843 breve
741 1781 774 1842 et
796 1778 1013 1843 confitendum
1031 1783 1090 1860 est,
1113 1779 1177 1843 nisi
1199 1779 1254 1862 qui

245 1868 293 1931 ita
316 1867 360 1931 sit
383 1867 537 1951 adfectus,
560 1889 630 1932 esse
653 1868 792 1931 liberum
810 1868 979 1931 neminem.
1016 1866 1122 1952 Igitur
1141 1889 1252 1932 omnes

244 1955 386 2039 improbi
413 1956 507 2020 servi.
553 1954 621 2020 Neo
647 1954 708 2020 hoo
736 1959 805 2019 tam
832 1977 868 2019 re
895 1960 945 2019 est
974 1977 1070 2038 quam
1094 1955 1182 2020 diotu
1204 1957 1254 2021 in·

246 2044 415 2128 opinatum
442 2047 538 2127 atque
567 2043 724 2108 mirabile.
769 2042 844 2108 Non
872 2044 957 2109 enim
984 2044 1032 2108 ita
1060 2044 1169 2109 dieunt
1197 2066 1252 2110 eos

246 2154 315 2196 esse
339 2153 458 2215 servos,
481 2137 518 2196 ut
541 2132 711 2216 mancipia,
734 2154 816 2215 quae
840 2137 915 2197 sunt
938 2133 1141 2198 dominorum
1164 2134 1252 2198 facta
1265 2149 1293 2190 2⁰

243 2243 326 2286 nexo
341 2224 398 2285 aut
411 2220 520 2304 aliquo
534 2220 602 2285 iure
617 2221 713 2299 civili,
732 2223 797 2304 sed,
816 2225 844 2285 si
862 2222 1000 2286 servitus
1020 2222 1073 2304 sit,
1091 2221 1174 2287 siout
1193 2227 1252 2306 est,

244 2309 449 2375 oboedientia
471 2309 567 2374 fraoti
590 2310 690 2373 animi
714 2313 747 2373 et
770 2310 887 2375 abiecti
906 2314 938 2374 et
956 2310 1092 2374 arbitrio
1111 2311 1252 2375 carentia

245 2420 314 2482 suo,
328 2399 400 2483 quis
414 2402 513 2483 neget
527 2419 637 2462 omnes
652 2400 748 2481 leves,
763 2419 873 2463 omnes
888 2398 1030 2483 cupidos,
1045 2419 1155 2462 omnes
1167 2399 1253 2463 deni

190 2467 306 2591 1,Ξᾳιιιι
334 2487 500 2571 improbos
528 2508 598 2550 esse
626 2486 758 2551 servos?
803 2486 857 2550 An
884 2487 940 2551 ille
968 2486 1048 2550 mihi
1076 2488 1170 2571 liber,
1200 2488 1251 2553 oui

245 2574 361 2639 mulier
383 2574 536 2659 imperat,
559 2575 610 2640 oui
633 2576 721 2655 leges
745 2575 896 2659 imponit,
919 2574 1123 2660 praescribit,
1152 2575 1251 2659 iubet,
1266 2592 1293 2631 2⁵

244 2666 343 2746 vetat,
362 2663 447 2746 quod
461 2662 609 2727 videtur?
629 2662 684 2745 qui
702 2662 784 2726 nihil
803 2663 976 2748 imperanti
995 2684 1114 2749 negare
1132 2668 1252 2748 potest,

244 2750 326 2814 nihil
349 2771 497 2815 recusare
521 2749 638 2815 audet?
683 2750 802 2835 Poscit,
824 2752 964 2816 dandum
987 2755 1050 2834 est,
1074 2756 1178 2833 vocat,
1200 2774 1252 2816 ve·

242 2838 395 2903 niendum
410 2842 473 2922 est,
492 2839 575 2922 eicit,
590 2839 786 2923 abeundum,
804 2840 955 2923 minatur,
972 2840 1251 2905 extimescendum.

243 2926 316 3013 Ego
339 2947 416 2992 vero
439 2927 539 2992 iatum
562 2948 628 2990 non
650 2928 746 2992 modo
770 2949 913 3011 servum,
940 2928 997 2992 sed
1018 2929 1252 3011 nequissimum

244 3037 382 3099 servum,
401 3015 528 3080 etiamsi
546 3016 581 3079 in
595 3015 798 3100 amplissima
812 3016 939 3080 familia
955 3019 1052 3082 natus
1072 3017 1124 3100 sit,
1143 3016 1250 3100 appel·
1265 3030 1290 3069 ³⁰

243 3105 377 3169 landum
394 3107 483 3189 puto.
516 3104 624 3187 Atque
642 3104 676 3167 in
693 3105 766 3189 pari
785 3104 926 3170 stultitia
945 3109 1029 3189 sunt,
1048 3126 1128 3189 quos
1147 3103 1249 3185 signa,

244 3214 324 3276 quos
343 3192 483 3276 tabulae,
507 3213 587 3275 quos
607 3193 766 3258 caelatum
787 3198 966 3278 argentum,
986 3213 1067 3277 quos
1081 3187 1250 3257 Corinthia

243 3303 351 3366 opera,
375 3302 455 3365 quos
479 3279 624 3346 aedificia
647 3281 820 3369 magnifica
841 3282 942 3346 nimio
964 3301 1060 3366 opere
1080 3277 1250 3342 delectant.

244 3370 303 3433 ‘At
325 3368 456 3454 sumus',
478 3369 594 3455 inquit,
617 3368 789 3455 ‘principes
813 3367 975 3435 civitatis?
1019 3365 1088 3431 Vos
1111 3387 1187 3431 voro
1209 3387 1249 3431 ne

189 3474 223 3523 δι
244 3478 472 3523 conservorum
499 3458 628 3541 quidem
655 3463 837 3523 vestrorum
864 3457 1026 3543 principes
1055 3455 1143 3520 estis.
1189 3452 1252 3521 Sed
1265 3471 1290 3512 ³⁵

243 3546 336 3609 utin
359 3567 481 3632 magna
502 3545 629 3611 familia
650 3551 725 3610 sunt
745 3547 802 3610 alii
819 3545 984 3627 lautiores,
1006 3549 1044 3609 nt
1063 3545 1126 3610 sibi
1144 3544 1251 3611 viden·

220 3632 282 3705 tur,
302 3634 402 3714 satvr,
422 3634 487 3699 aad
504 3639 614 3701 tamen
636 3634 732 3721 servi,
752 3638 789 3702 ut
804 3634 972 3717 atrienses,
988 3637 1025 3699 at
1038 3634 1096 3719 qni
1107 3638 1251 3700 tractant
