2950 4150
541 269 616 324 cAP.
637 276 749 324 24-26.
783 276 928 336 §eo-ss.
1174 272 1237 335 193

229 453 378 497 severum
401 435 433 495 et
457 453 598 516 gravem.
631 430 754 508 Quibus
773 432 941 497 blanditiis
961 429 995 497 (l.
1012 431 1160 516 Papirius
1179 455 1236 498 nu·
1255 451 1288 499 aa
1350 455 1352 457 ·

228 543 287 606 per
309 520 465 584 influebat
488 520 522 583 in
547 521 633 585 auris
657 521 827 604 contioniS,
849 543 922 586 cum
944 519 1045 585 ferret
1068 521 1173 605 legem
1198 522 1236 586 dc

228 609 369 673 tribunis
393 609 498 693 plebis
521 610 713 674 reficiendis!
736 608 959 674 Dissuasimus
981 630 1056 690 nos,
1079 609 1136 673 sed
1152 610 1235 674 nihil

229 699 269 762 dc
292 718 353 779 me,
376 696 414 761 de
438 694 586 780 Scipione
610 698 714 763 dicam
737 698 911 763 lubentius.
957 696 1086 771 Quanta
1108 698 1180 780 illa,
1204 699 1236 763 di

202 813 215 854 s
228 785 434 867 inmortales,
456 785 519 849 fuit
533 787 692 870 gravitas,
707 791 830 870 quanta
846 787 881 851 in
899 787 1045 852 oratione
1065 787 1235 851 maiestas!

228 879 266 938 ut
288 873 384 938 facile
407 873 519 939 ducem
542 875 654 959 populi
678 875 827 958 Romani,
849 897 914 940 non
935 875 1086 940 comitem
1106 875 1234 940 diceres.

229 961 292 1027 Sed
320 962 486 1044 adfuistis,
518 967 551 1026 et
579 967 628 1028 est
657 963 692 1027 in
718 965 868 1028 manibus
887 965 1001 1029 oratio.
1047 963 1161 1047 ltaque
1185 965 1235 1027 lex

229 1051 397 1136 popularis
422 1051 586 1136 suffragiis
617 1052 729 1137 populi
752 1052 922 1137 repudiata
945 1057 1004 1118 est.
1050 1055 1172 1136 Atque,
1199 1057 1236 1116 ut

229 1139 270 1205 ad
293 1160 344 1204 me
368 1139 506 1223 redeam,
529 1140 732 1223 meministis,
756 1140 792 1215 Q.
806 1141 968 1223 Maxumo,
990 1141 1092 1206 fratrc
1116 1139 1235 1226 Scipio·

189 1255 215 1295 ro
229 1229 289 1311 nis,
312 1231 345 1292 et
368 1227 402 1290 L.
425 1227 575 1293 Mancino
599 1230 785 1294 consulibus
809 1252 905 1312 quam
928 1229 1096 1313 popularis
1120 1231 1173 1294 lex
1197 1230 1236 1294 dc

229 1316 419 1381 sacerdotiis
443 1315 478 1380 0.
503 1315 607 1381 Licini
625 1315 733 1382 Crassi
754 1318 937 1382 videbatur!
965 1318 1130 1402 cooptatio
1150 1319 1235 1382 enim

228 1405 440 1491 collegiorum
456 1405 496 1469 ad
511 1405 623 1489 populi
642 1406 830 1471 beneficium
848 1405 1119 1489 transferebatur,
1138 1411 1235 1489 atque

228 1495 256 1558 is
281 1493 404 1578 primus
428 1493 572 1558 instituit
590 1495 624 1558 in
642 1494 747 1560 forum
765 1516 878 1560 versus
898 1515 993 1580 agero
1012 1517 1085 1559 cum
1103 1495 1234 1580 populo.

228 1582 351 1647 Tamen
374 1582 462 1646 illius
485 1583 680 1648 vendibilem
703 1585 885 1649 orationem
903 1584 1018 1668 religio
1038 1583 1171 1648 deorum
1189 1584 1235 1647 in·

190 1697 215 1737 rs
229 1671 417 1735 mortalium
439 1672 533 1736 nobis
557 1672 801 1738 defendentibus
819 1673 915 1738 facile
933 1672 1092 1737 vincebat.
1126 1672 1235 1755 Atque

228 1759 262 1823 id
285 1763 392 1824 actum
421 1764 471 1823 est
504 1765 652 1844 praetore
680 1783 730 1825 me
764 1761 982 1846 quinquennio
1014 1763 1104 1842 ante,
1137 1782 1234 1844 quam

229 1848 340 1913 consul
364 1869 435 1912 sum
458 1847 577 1929 factus,
600 1849 704 1912 itare
727 1849 832 1933 magis
857 1871 953 1933 quam
977 1871 1104 1913 summa
1127 1853 1235 1913 auoto-

228 1937 325 2000 ritate
349 1957 446 2000 causa
469 1936 528 2000 illa
551 1935 681 2000 defensa
704 1941 763 2000 cst.

295 2022 416 2100 Quodsi
438 2025 472 2089 in
496 2046 620 2107 scaena,
642 2024 744 2090 idest
766 2025 801 2090 in
822 2027 979 2112 contione,
1002 2026 1037 2092 in
1055 2049 1119 2112 qua
1137 1985 1286 2112 rebus29f73

189 2140 215 2179 so
229 2114 313 2177 lictis
337 2117 370 2178 et
393 2114 593 2178 adumbratis
617 2114 680 2178 loci
702 2115 876 2199 plurimum
900 2120 965 2197 cst,
987 2120 1098 2180 tamen
1121 2138 1233 2181 verum

230 2204 326 2286 valet,
349 2202 377 2265 si
400 2202 495 2267 modo
519 2202 552 2265 id
571 2200 770 2285 patefactum
793 2207 826 2267 et
848 2204 1058 2268 inlustratum
1078 2208 1137 2287 est,
1157 2205 1234 2289 quid

228 2292 261 2355 in
285 2290 428 2355 amicitia
451 2290 522 2354 lieri
545 2294 683 2374 oportet,
707 2312 788 2373 quae
811 2294 883 2355 tota
905 2293 1042 2355 veritate
1068 2293 1233 2375 perpendi-

228 2379 304 2443 tur?
336 2379 371 2442 in
394 2401 458 2462 qua
479 2379 557 2461 nisi,
583 2382 620 2443 ut
648 2379 778 2456 dicitur,
811 2383 958 2463 apertum
986 2385 1097 2463 pectus
1124 2380 1233 2444 videas

228 2473 383 2551 tuumque
407 2467 572 2549 ostendas,
599 2466 681 2530 nihil
705 2467 817 2547 fidum,
846 2467 928 2531 nihil
953 2468 1155 2552 exploratum
1179 2469 1234 2533 ha-

189 2581 214 2620 as
228 2556 315 2639 beas,
338 2576 378 2618 ne
401 2578 511 2620 amare
534 2555 662 2639 quidem
687 2560 743 2620 aut
762 2556 873 2640 amari,
892 2578 973 2639 cum,
991 2556 1025 2620 id
1044 2578 1141 2640 quam
1159 2579 1234 2623 vere

229 2644 295 2726 fiat,
317 2643 456 2728 ignores.
487 2641 688 2728 Quamquam
707 2644 773 2708 ista
787 2644 979 2729 adsentatio,
1003 2646 1150 2729 quamvis
1164 2669 1234 2732 per-

228 2732 351 2796 niciosa
378 2733 436 2811 sit,
468 2754 582 2798 nocere
610 2737 720 2797 tamen
746 2733 867 2797 nemini
890 2737 999 2817 potest
1026 2733 1090 2797 nisi
1112 2734 1155 2816 ei,
1179 2735 1233 2818 qui

229 2840 300 2883 eam
324 2820 438 2905 recipit
460 2825 557 2905 atquc
581 2843 619 2885 ea
642 2821 828 2885 delectatur.
864 2822 917 2885 lta
939 2821 990 2903 fit,
1013 2826 1050 2885 ut
1072 2822 1100 2885 is
1124 2823 1234 2886 adsen-

228 2908 392 2972 tatoribus
415 2910 590 2993 patefaciat
613 2931 706 2974 aures
730 2932 805 2975 suas
828 2910 976 2987 maxime,
1001 2909 1054 2993 qui
1077 2909 1147 2994 ipse
1171 2909 1235 2975 sibi

202 2996 416 3061 soadsentetur
444 3003 476 3061 et
503 3020 537 3062 se
566 2999 704 3062 maxime
726 2999 796 3084 ipse
825 2998 970 3062 delectet.
1016 2996 1155 3064 Omnino
1184 3002 1234 3062 est
1253 3013 1286 3061 98

230 3107 343 3150 amans
366 3085 416 3149 sui
439 3087 556 3169 virtus,
579 3090 710 3169 optume
734 3087 819 3150 enim
844 3108 877 3150 se
901 3086 973 3171 ipsa
994 3086 1100 3169 novit,
1124 3108 1234 3170 quam·

230 3196 290 3257 que
314 3174 464 3239 amabilis
489 3174 545 3257 sit,
572 3174 743 3259 intellegit.
788 3174 860 3259 Ego
889 3179 998 3239 autem
1021 3196 1086 3238 non
1111 3175 1150 3238 de
1173 3175 1234 3238 vir-

229 3267 298 3327 tute
320 3284 404 3327 nuno
433 3264 563 3347 loquor,
591 3262 646 3326 sed
674 3262 712 3325 de
740 3262 871 3327 virtutis
900 3264 1058 3347 opinione.
1103 3261 1235 3327 Virtute

229 3351 313 3415 enim
336 3352 409 3435 ipsa
431 3354 588 3416 nontam
616 3350 712 3414 multi
739 3351 879 3434 praediti
909 3373 979 3416 esse
1008 3372 1105 3434 quam
1133 3351 1234 3416 videri

190 3462 215 3502 aa
228 3439 350 3504 volunt.
383 3439 452 3504 Hos
477 3439 616 3503 delectat
639 3438 832 3523 adsentatio,
854 3441 906 3504 his
925 3440 1019 3505 lictus
1034 3438 1075 3503 ad
1089 3439 1234 3524 ipsorum

228 3528 429 3593 voluntatem
454 3549 559 3592 sermo
578 3548 650 3591 cum
669 3527 849 3611 adhibetur,
874 3528 1053 3594 orationem
1071 3526 1161 3593 illam
1181 3551 1235 3593 va·

227 3637 303 3679 nam
326 3616 549 3681 testimonium
573 3637 642 3679 csse
666 3616 798 3681 laudum
822 3639 955 3682 suarum
971 3620 1101 3700 ‘putant
1135 3616 1240 3680 Nulla

275 3727 328 3767 oro.
344 3728 385 3771 ιν,
401 3729 420 3768 ³.
1011 3723 1050 3767 xa
