2950 4150
244 311 306 374 148
480 309 572 364 CATO
590 307 707 364 MAIOR
724 309 774 363 DE
793 309 1005 365 SENEOTUTE

242 472 314 535 istis
343 470 471 555 quidem
497 472 577 556 ipsis
599 472 823 555 voluptatibus
851 493 959 536 carere
982 493 1078 538 sensu
1100 476 1243 536 senectu-

241 564 317 624 tem.
366 559 418 623 Me
445 581 521 624 vero
550 563 583 623 et
611 559 801 646 magisteria
827 559 989 624 delectant
1015 582 1035 624 a
1066 559 1243 624 maioribus

242 648 393 712 instituta
420 651 452 711 et
478 647 507 712 is
535 668 654 731 sermo,
686 648 742 732 qui
768 669 857 711 more
885 648 1043 712 maiorum
1070 671 1091 712 a
1117 668 1243 712 summo

243 735 413 800 adhibetur
443 736 478 799 in
508 735 639 819 poculo,
671 739 704 800 et
730 737 860 820 pocula,
892 736 976 800 sicut
1006 736 1040 800 in
1072 733 1242 820 Symposio

243 823 465 908 Xenophontis
484 828 542 908 est,
564 823 690 888 minuta
708 828 805 907 atque
825 823 971 888 rorantia
987 827 1021 888 et
1038 823 1243 909 refrigeratio
1271 840 1283 879 ⁵

244 916 366 976 aestate
395 915 427 975 et
453 911 595 977 vicissim
623 915 679 976 aut
707 912 756 976 sol
780 914 836 976 aut
858 911 943 997 ignis
966 911 1135 994 hibernum
1162 934 1244 995 quae

244 1000 371 1084 quidem
394 999 524 1064 etiam
515 1022 549 1063 in
567 998 695 1064 Sabinis
712 999 863 1085 persequi
885 1000 974 1064 soleo
997 1000 1243 1082 conviviumque

244 1088 419 1153 vicinorum
442 1087 558 1152 cotidie
580 1089 740 1172 compleo,
767 1087 853 1171 quod
880 1086 920 1151 ad
947 1089 1084 1152 multam
1106 1091 1243 1170 noctem,

195 1280 222 1328 t
242 1174 1244 1349 lttllttttlttttidtttfimttittlls⁸
1260 1281 1285 1321 ι

241 1353 310 1415 bus.
352 1349 468 1435 Credo,
496 1353 553 1417 sed
578 1375 619 1417 ne
642 1351 834 1416 desideratio
858 1351 1000 1436 quidem3
1028 1351 1112 1415 nihil
1135 1354 1244 1416 autem

242 1443 291 1504 est
313 1441 500 1523 molestum,
528 1440 614 1523 quod
640 1462 707 1505 non
734 1440 902 1504 desideres.
947 1437 1035 1504 Bene
1058 1436 1244 1524 Sophocles,

242 1549 366 1593 eumer
385 1549 422 1591 eo
442 1527 571 1610 quidam
589 1529 655 1591 iam
674 1527 800 1592 adfecto
819 1530 925 1591 aetate
944 1531 1122 1611 quaereret,
1140 1531 1244 1592 utere

242 1620 336 1680 turne
352 1614 448 1679 rebus
462 1614 612 1680 veneriis:
632 1613 694 1679 ‘Di
713 1614 902 1680 melioral'
920 1614 1040 1697 inquit3
1058 1613 1244 1680 ‘libenter

242 1725 331 1769 vero
354 1702 473 1768 istinc
495 1702 597 1767 sicut
616 1700 660 1767 a'b
685 1702 836 1767 domino
860 1703 1007 1788 agresti
1030 1724 1072 1768 ac
1094 1703 1284 1768 furiosos

243 1790 418 1877 profugi?
446 1788 578 1877 Cupidis
593 1791 678 1855 enim
693 1812 800 1855 rerum
813 1790 929 1855 talium
943 1790 1090 1855 odiosum
1103 1791 1243 1856 fortasse

243 1883 275 1943 et
293 1880 466 1943 molestum
484 1883 535 1943 est
552 1901 670 1963 carere,
688 1879 815 1943 satiatis
833 1900 911 1944 vero
930 1882 963 1942 et
985 1879 1122 1963 expletis
1136 1880 1242 1944 iucun-

244 1967 313 2030 dius
328 1971 377 2031 est
391 1988 498 2030 carere
512 1989 609 2050 quam
623 1966 695 2031 frui.
727 1964 930 2050 Quamquam
946 1988 1012 2031 non
1031 1967 1170 2051 caretis,
1188 1967 1242 2051 qui

243 2077 308 2120 non
321 2054 494 2138 desiderat,
512 2077 589 2141 ergo
608 2055 669 2120 hoc
687 2077 752 2120 non
766 2054 947 2121 desiderare
961 2055 1031 2121 dico
1048 2078 1117 2121 esse
1135 2056 1243 2121 iucun-

190 2160 223 2209 48
243 2144 321 2207 dius.
354 2142 474 2218 Quodsi
491 2143 564 2207 istis
583 2144 662 2229 ipsis
680 2144 904 2228 voluptatibus
921 2144 1007 2209 bona
1021 2147 1111 2209 aetas
1124 2144 1244 2209 fruitur
1257 2160 1283 2200 ιο

242 2232 408 2314 libentius,
430 2231 570 2316 primum
592 2232 736 2317 parvulis
759 2232 878 2297 fruitur
900 2232 1013 2315 rebus,
1036 2236 1072 2296 ut
1095 2231 1243 2316 diximus,

243 2320 353 2385 deinde
376 2319 430 2404 iis,
458 2320 574 2403 quibus
602 2324 749 2386 senectus
776 2320 904 2384 etiamsi
930 2341 996 2384 non
1017 2320 1142 2384 abunde
1160 2319 1243 2403 poti·

243 2414 303 2492 tur,
325 2430 391 2473 non
413 2408 543 2474 omnino
566 2413 662 2474 caret.
707 2407 753 2473 Ut
777 2408 938 2492 Turpione
960 2406 1113 2473 Ambivio
1136 2407 1242 2493 magis

243 2497 431 2579 delectatur,
468 2497 522 2580 qni
553 2497 587 2560 in
619 2497 725 2582 prima
756 2517 853 2561 cavea
888 2498 1029 2579 spectat,
1065 2495 1243 2561 delectatur

242 2591 351 2649 tamen
374 2584 481 2667 etiam,
504 2584 615 2667 quiin
637 2585 767 2667 ultima,
789 2583 835 2647 sic
858 2582 1076 2649 adulescentia
1097 2586 1242 2670 voluptas
1256 2600 1282 2641 ²⁵

242 2676 292 2736 tes
313 2676 447 2756 propter
473 2672 601 2736 intuens
629 2673 734 2757 magis
761 2670 900 2736 fortasse
927 2673 1082 2755 laetatur,
1110 2673 1165 2737 sed
1192 2673 1242 2737 de

242 2761 381 2824 lectatur
407 2760 505 2824 etiam
533 2764 679 2826 senectus
706 2760 818 2845 procul
846 2782 900 2825 eas
928 2764 1077 2845 spectans
1105 2764 1242 2844 tantum,

191 2851 398 2932 sequentum
422 2851 474 2912 sat
497 2853 554 2912 est.
599 2847 646 2911 At
667 2848 725 2913 illa
749 2849 862 2932 quanti
884 2851 972 2931 sunt,
996 2849 1139 2914 animum
1160 2852 1242 2927 tam,

244 2957 340 3020 quam
363 2936 504 3000 emeritis
528 2935 696 3020 stipendiis
719 2936 871 3021 libidinis,
897 2936 1092 3022 ambitionis,
1115 2940 1242 3003 conten·

242 3023 350 3102 tionis,
371 3023 623 3108 inimicitiarum,
645 3023 858 3108 cupiditatum
881 3026 1024 3090 omnium
1047 3047 1154 3090 secum
1173 3047 1242 3089 esse
1256 3040 1283 3079 π

244 3133 421 3197 secumque,
434 3115 472 3176 ut
486 3112 610 3197 dicitur,
623 3112 743 3178 rivere!
768 3109 802 3176 Si
815 3134 891 3178 vero
905 3113 1005 3178 habet
1019 3114 1150 3197 aliquod
1163 3116 1242 3177 tam·

244 3222 339 3284 quam
362 3200 518 3285 pabulum
541 3200 639 3265 studii
658 3203 755 3285 atque
774 3200 947 3285 doctrinae,
968 3201 1050 3266 nihil
1069 3205 1120 3265 est
1137 3201 1244 3265 otiosa

244 3292 406 3353 senectute
422 3288 599 3353 iucundius.
630 3288 752 3370 †Mori
764 3288 951 3355 videbamus
969 3289 1004 3353 in
1021 3287 1127 3354 studio
1147 3288 1243 3353 dime-

242 3376 344 3442 tiendi
365 3398 466 3462 paene
490 3377 570 3442 caeli
593 3379 689 3460 atque
711 3382 818 3442 terrae
841 3375 876 3442 C.
900 3376 1026 3460 Galum,
1048 3376 1242 3442 familiarem

242 3466 345 3549 patris
372 3466 434 3549 tui,
464 3462 585 3549 Scipi03
618 3464 766 3548 quotiens
792 3465 887 3529 illum
913 3467 969 3529 lux
995 3468 1093 3529 noctu
1121 3465 1243 3549 aliquid
1257 3481 1282 3521 ³⁵

243 3553 421 3619 describere
434 3553 625 3639 ingressum,
638 3553 787 3637 quotiens
801 3573 865 3618 nox
879 3553 1049 3638 oppressit,
1062 3575 1135 3618 cum
1149 3576 1243 3619 mane

236 3642 414 3719 coepisset]
448 3663 544 3725 quam
572 3640 755 3707 delectabat
781 3663 854 3707 eum
881 3640 1075 3707 defectiones
1103 3643 1183 3708 solis
1210 3646 1243 3708 et
