2950 4150
217 305 311 371 '168
446 372 449 376 ⁴
545 305 699 360 nasama
717 305 766 359 os
784 305 950 362 amoma
1085 273 1087 278 ’

244 488 322 532 nere
345 488 475 552 sperare
503 467 612 532 videor
635 465 794 551 Scipionis
823 472 857 532 et
879 467 969 533 Laeli
993 467 1169 534 amicitiam
1193 489 1248 534 no

245 560 315 621 tam
337 555 524 638 posteritati
545 554 623 620 fore.

189 658 227 707 ro
311 643 460 711 Feratus.
495 642 584 708 Istue
607 641 745 726 quidem,
767 641 868 725 Laeli,
885 643 934 708 ita
951 665 1080 709 necesse
1100 649 1158 710 est
1186 641 1246 709 Sed

247 731 399 815 quoniam
422 731 583 797 amicitiae
606 731 803 795 mentionem
824 730 932 796 fecisti
954 736 988 797 et
1010 754 1120 798 sumus
1142 733 1248 811 otiosi,

244 825 435 906 pergratum
458 819 539 884 mihi
555 818 678 901 feceris,
697 840 791 904 spero
810 818 888 884 item
903 817 1083 904 Scaevolae,
1102 821 1139 905 si,
1154 843 1249 905 quem
1275 841 1289 882 s

246 908 440 974 admodum
463 909 548 972 soles
578 906 617 971 de
644 907 760 971 ceteris
784 908 895 988 rebus,
918 930 1016 991 quom
1038 930 1076 973 ex
1097 913 1132 975 te
1155 930 1249 993 quae

245 1000 370 1081 rrmtur,
392 996 438 1062 sic
461 996 500 1060 de
519 994 662 1060 amicitia
680 995 856 1080 disputaris
875 995 952 1082 quid
970 996 1101 1080 sentias,
1120 998 1248 1081 qualem

245 1084 430 1168 existumas,
452 1106 534 1168 quae
556 1088 729 1168 praecepta
752 1083 816 1148 des.

312 1173 475 1240 Seserem.
515 1171 596 1238 Mihi
619 1193 695 1236 vero
715 1172 777 1235 erit
800 1175 943 1258 gratum3
965 1176 1063 1257 atque
1085 1172 1118 1236 id
1141 1173 1248 1257 ipsum

246 1282 319 1326 cum
342 1264 449 1326 tecum
472 1281 568 1346 agere
591 1280 737 1343 conarer,
759 1259 902 1325 Fannius
925 1260 1111 1326 antevortit
1143 1259 1247 1336 Quam
1262 1282 1288 1321 10

210 1349 289 1456 5⁰b
312 1370 380 1414 rem
402 1349 531 1433 utrique
554 1351 702 1413 nostrum
726 1352 856 1434 gratum
880 1348 1052 1414 admodum
1073 1348 1197 1414 feceris.

191 1469 228 1519 ῃ
312 1437 456 1504 Lanatus.
500 1435 572 1523 Ego
608 1458 684 1501 vero
712 1457 778 1501 non
806 1458 971 1522 gravarer,
1008 1437 1037 1502 si
1067 1436 1149 1502 mihi
1179 1437 1249 1522 ipse

246 1525 452 1609 confiderem,
482 1546 559 1589 nam
586 1528 620 1587 et
645 1525 813 1609 praeclara
840 1545 891 1588 res
919 1529 969 1588 est
996 1529 1030 1589 et
1056 1545 1180 1609 sumus,
1212 1530 1249 1589 ut

246 1613 329 1677 dixit
350 1611 502 1694 Faunine,
525 1611 631 1676 otiosi.
663 1608 725 1676 Sed
741 1611 812 1694 quis
831 1631 891 1696 ego
911 1613 1004 1675 sum?
1027 1618 1085 1676 aut
1098 1634 1181 1695 quae
1199 1618 1249 1677 est

245 1701 280 1765 in
303 1722 354 1766 me
376 1699 538 1765 facultas?
561 1699 729 1764 doctorum
752 1703 802 1763 est
824 1698 889 1763 ista
911 1700 1118 1784 consuetudo,
1147 1722 1248 1784 esque
1262 1721 1288 1760 aa

246 1787 453 1873 Graecorum,
475 1791 513 1853 ut
534 1787 575 1852 iis
597 1790 746 1872 ponatur,
769 1786 808 1852 de
827 1809 890 1871 quo
917 1787 1081 1873 disputent
1101 1789 1248 1872 quamvis

247 1877 370 1961 subit03
402 1898 556 1962 magnum
583 1896 664 1960 opus
692 1879 743 1940 eat
770 1879 906 1961 egetque
934 1876 1162 1942 exercitatione
1183 1899 1249 1942 non

245 1988 355 2050 parva.
388 1963 491 2040 Quam
515 1964 556 2028 oh
579 1985 656 2047 rem,
680 1985 762 2046 quae
780 1963 940 2048 disputari
958 1964 997 2030 de
1016 1965 1160 2031 amicitia
1176 1986 1249 2051 pos-

246 2057 335 2138 sunt,
363 2052 404 2118 ab
428 2052 474 2117 eis
498 2072 610 2117 censeo
633 2052 764 2137 petatis,
787 2051 843 2137 qui
864 2052 930 2118 ista
951 2053 1159 2139 profitentur,
1188 2076 1248 2140 ego

243 2164 304 2207 vos
331 2141 458 2206 hortari
486 2144 614 2205 tantum
645 2162 791 2225 possum,
823 2145 861 2207 ut
891 2142 1068 2208 amicitiam
1100 2143 1249 2208 omnibus
1263 2164 1290 2202 eo

245 2231 343 2295 rebus
361 2228 511 2294 humanis
526 2228 745 2313 anteponatis3
766 2229 849 2294 nihil
864 2235 915 2294 est
929 2231 1013 2295 enim
1028 2236 1097 2295 tam
1112 2235 1249 2296 naturae

247 2323 372 2404 aptum,
399 2322 468 2383 tam
495 2316 686 2383 conveniens
714 2318 755 2383 ad
784 2339 836 2382 res
864 2319 916 2383 vel
939 2318 1094 2383 secundas
1120 2320 1173 2384 vel
1197 2318 1249 2383 ad-

196 2424 229 2473 1⁸
248 2430 367 2473 versas.
413 2405 476 2471 Sed
497 2406 560 2472 hoc
582 2405 723 2490 primum
747 2406 860 2490 sentio,
885 2405 947 2470 nisi
968 2406 1004 2469 in
1025 2406 1119 2471 bonis
1142 2406 1249 2471 amici·

246 2497 327 2561 tiam
351 2517 420 2560 esse
442 2515 508 2559 non
530 2514 638 2578 posse3
669 2516 773 2577 neque
795 2494 829 2557 id
856 2494 897 2558 ad
924 2493 1034 2558 vivum
1060 2516 1185 2579 reseco,
1211 2500 1249 2559 ut

246 2585 307 2667 illi,
330 2584 385 2667 qui
407 2584 487 2647 haee
510 2581 662 2646 subtilius
680 2582 852 2664 disserunt,
873 2580 1014 2647 fortasse
1031 2604 1115 2665 vere,
1133 2583 1190 2648 sed
1208 2583 1249 2648 ad
1262 2601 1288 2641 ss

246 2693 450 2737 communem
469 2669 645 2735 utilitatem
663 2692 792 2754 parum3
811 2673 933 2754 negant
951 2670 1037 2734 enim
1056 2685 1250 2754 quemquam

246 2781 317 2825 esse
339 2760 446 2824 virum
468 2758 589 2823 bonurn
611 2757 675 2822 nisi
698 2758 885 2842 sapientem.
932 2754 982 2822 Sit
1003 2758 1051 2822 ita
1074 2780 1164 2842 sane;
1194 2759 1249 2824 sed

246 2871 320 2914 eam
342 2847 535 2932 sapientiam
557 2847 826 2931 interpretantur,
855 2866 951 2928 quam
975 2845 1078 2911 adhuc
1100 2847 1249 2912 mortalis

246 2958 341 3002 nemo
365 2941 415 3000 est
438 2938 635 3017 consecutus,
657 2956 717 2999 nos
741 2937 850 2999 autern
873 2954 919 3016 ea,
942 2955 1024 3017 quae
1043 2935 1171 3000 suntin
1188 2958 1249 3000 usu

244 3026 378 3110 vitaque
401 3022 572 3101 communi,
594 3044 661 3086 non
683 3043 733 3104 ea,
764 3043 846 3105 quae
868 3021 1035 3107 fingtmtur
1058 3027 1115 3088 aut
1138 3028 1250 3108 optan-
1263 3041 1291 3080 ω

245 3118 310 3197 tur,
332 3116 478 3197 spectare
502 3111 663 3175 debemus.
707 3107 895 3192 Numquam
921 3131 983 3195 ego
1007 3110 1110 3176 dicam
1132 3108 1168 3177 Ο.
1191 3110 1249 3175 Fa·

247 3202 394 3283 bricium,
416 3197 628 3276 liternum,
651 3196 698 3262 Ti.
718 3195 964 3281 Coruncanium,
988 3220 1068 3281 quos
1088 3199 1250 3284 sapientes

246 3289 352 3355 nostri
375 3288 514 3353 maiores
536 3286 731 3370 iudicabant,
757 3286 798 3351 ad
820 3285 959 3350 istorum
980 3308 1129 3351 normam
1150 3285 1250 3351 fuisse

247 3378 420 3463 sapientes.
452 3373 556 3449 Quare
575 3373 638 3439 sihi
656 3374 801 3439 habeant
812 3374 988 3459 sapientiae
999 3395 1117 3439 nomen
1129 3374 1251 3440 etinvi-

248 3465 374 3531 diosum
393 3468 426 3530 et
449 3464 634 3546 obscurum,
657 3462 846 3547 concedant,
874 3467 912 3527 ut
937 3462 1000 3528 riri
1022 3462 1100 3527 boni
1122 3461 1251 3528 fuerint.
1265 3481 1292 3522 se

247 3553 298 3620 Ne
316 3554 349 3617 id
368 3552 497 3637 quidem
518 3550 651 3633 facient,
677 3552 845 3636 negabunt
862 3550 896 3616 id
917 3550 981 3615 nisi
999 3551 1139 3635 sapienti
1156 3574 1252 3638 posse

182 3658 225 3701 ιο
240 3640 383 3703 concedi.
416 3640 565 3723 Agamus
580 3639 681 3725 igitur
694 3639 818 3726 pingui,
836 3644 873 3704 ut
892 3640 991 3723 aiunt,
1009 3638 1164 3706 Minerva
1192 3639 1254 3716 Qui
