2950 4150
256 327 320 390 146
495 323 588 378 CATO
606 323 722 378 MAIOR
741 323 790 376 DE
809 323 1020 379 SENEOTUTE

255 485 309 572 Sp.
339 485 538 569 Postumius,
570 484 605 549 T.
632 483 786 549 Veturius
819 487 965 550 consules
998 488 1142 571 superati
1174 493 1258 572 sunt,

255 576 398 640 locutum
412 573 591 657 Archytam
605 571 772 638 Nearchus
786 571 989 658 Tarentinus,
1005 573 1124 660 hospes
1136 580 1258 660 noster,

257 663 357 748 quiin
376 661 519 727 amicitia
536 661 649 746 populi
662 660 802 726 Romani
819 667 1051 748 permanserat,
1069 684 1103 728 se
1122 687 1142 728 a
1160 664 1258 730 maio·

256 751 345 815 ribus
367 753 446 815 natu
469 749 629 834 accepisse
652 748 794 832 dicebat,
817 771 890 815 oum
906 750 1041 834 ,quidem
1064 751 1094 815 ei
1117 753 1258 818 sermoni

254 838 456 903 interfuisset
472 837 568 902 Plato
584 836 801 921 Atheniensis,
825 858 920 921 quem
938 837 1114 903 Tarentum
1132 841 1258 905 venisse
1284 857 1298 898 s

204 942 237 991 42
255 927 290 991 L.
312 924 460 1010 Camillo,
483 925 545 1010 Ap.
568 923 702 991 Claudio
726 925 912 990 consulibus
935 926 1069 1011 reperio.
1115 925 1258 1002 Quorsus

255 1014 338 1080 hoc?
369 1014 416 1080 Ut
434 1013 677 1099 intellegeretis,
695 1013 723 1077 si
736 1014 937 1098 voluptatem
953 1015 1118 1100 aspernari
1133 1016 1258 1081 ratione

256 1106 290 1168 et
317 1102 476 1187 sapientia
501 1122 566 1166 non
592 1122 774 1186 possemus,
800 1123 953 1188 magnam
978 1102 1161 1168 habendam
1188 1125 1258 1168 esse

256 1191 413 1256 senectuti
441 1189 594 1275 gratiam,
626 1211 707 1275 quae
735 1188 888 1274 efficeret,
919 1194 957 1255 ut
983 1190 1016 1254 id
1041 1212 1108 1255 non
1133 1192 1259 1275 liberet,

257 1278 342 1363 quod
356 1301 423 1344 non
441 1281 613 1365 oporteret.
648 1277 789 1363 Impedit
807 1279 892 1343 enim
911 1278 1079 1344 consilium
1097 1280 1299 1365 voluptas,1o

256 1367 375 1433 rationi
397 1366 527 1433 inimica
550 1370 609 1451 est,
631 1365 758 1450 mentis,
780 1370 818 1432 ut
838 1367 886 1432 ita
909 1367 1021 1452 dicam,
1046 1369 1209 1452 praestrin
1235 1369 1259 1432 't

257 1456 367 1522 oculos
389 1477 448 1520 nee
466 1455 565 1520 habet
583 1455 687 1519 ullum
706 1476 777 1520 cum
796 1455 918 1520 virtute
936 1457 1171 1521 commercium.
1208 1390 1259 1520 El-

255 1545 343 1608 vitus
374 1542 449 1626 feci,
479 1546 518 1606 ut
547 1541 718 1606 fortissimi
749 1541 811 1605 viri
843 1541 878 1606 Τ.
910 1541 1085 1606 Flaminini
1115 1543 1260 1627 fratrem,

256 1630 292 1696 L.
314 1629 544 1714 Flamininum,
571 1651 588 1692 e
616 1632 729 1693 senatu
753 1628 887 1694 eicerem
911 1633 1036 1714 septem
1059 1630 1152 1694 annis
1175 1635 1259 1716 post,

279 1741 355 1784 uam
378 1719 489 1785 consul
511 1716 639 1801 fuisset,
667 1716 723 1780 sed
749 1717 925 1782 notandam
947 1717 1060 1802 putavi
1082 1718 1258 1783 libidinem.
1274 1735 1299 1776 ιι

257 1741 318 1872 lue
337 1807 431 1892 enim,
453 1828 526 1871 eum
545 1808 630 1870 esset
647 1805 760 1870 consul
778 1805 813 1869 in
831 1803 948 1888 Gallia,
966 1809 1116 1870 exoratus
1133 1807 1168 1871 in
1187 1828 1259 1872 cou-

256 1895 342 1961 ririo
367 1918 387 1959 e
414 1899 520 1961 scorto
549 1896 612 1978 est,
638 1896 675 1958 ut
702 1893 806 1958 securi
831 1892 944 1958 feriret
971 1893 1112 1978 aliquem
1139 1916 1259 1979 eorum,

257 1983 312 2066 qui
334 1983 369 2046 in
390 1982 527 2047 vinculis
551 1985 659 2046 essent
681 1981 826 2046 damnati
844 1982 891 2046 rei
910 1982 1068 2067 capitalis.
1104 1981 1166 2049 Hic
1184 1983 1259 2049 Tito

256 2070 358 2135 fratre
391 2092 448 2135 suo
480 2091 625 2154 censore,
662 2069 716 2153 qui
748 2069 914 2155 proximus
946 2075 1021 2136 ante
1055 2093 1106 2137 me
1142 2071 1259 2156 fuerat,

258 2160 386 2243 elapsus
411 2161 472 2242 est3
498 2158 579 2223 mihi
605 2178 681 2224 uero
709 2162 743 2223 et
768 2158 884 2224 Flacco
911 2160 1099 2244 neutiquam
1126 2161 1259 2246 probari
1273 2178 1301 2218 κ

257 2246 365 2333 potuit
386 2251 454 2312 tam
477 2246 640 2333 flagitiosa
663 2249 696 2311 et
718 2250 786 2312 tam
807 2248 934 2333 perdita
952 2248 1062 2331 libido,
1086 2270 1258 2331 quaecum

205 2306 248 2432 ἐξ)
257 2336 377 2422 probro
409 2335 537 2421 priuato
569 2334 777 2421 coniungeret
808 2336 935 2419 imperii
964 2335 1108 2400 dedecus.
1157 2333 1259 2421 Saepe

259 2424 366 2489 audivi
389 2445 428 2489 ex
450 2423 626 2490 maioribus
648 2427 736 2507 natu,
760 2423 815 2508 qui
837 2444 871 2487 se
889 2443 986 2506 porro
1027 2443 1122 2487 ueros
1141 2445 1160 2488 a
1177 2424 1258 2488 seni·

258 2514 318 2577 bus
349 2511 475 2576 audisse
508 2511 669 2595 dicebant,
701 2510 812 2575 mirari
844 2509 976 2574 solitum
1004 2446 1039 2575 d.
1066 2509 1258 2596 Fabricium,

259 2599 352 2685 quod,
371 2621 444 2664 cum
462 2621 481 2664 a
504 2599 547 2663 ud
564 2620 674 2684 regem
687 2596 848 2682 Pyrrhum
861 2598 892 2662 le
917 2601 989 2662 atus
1005 2603 1099 2683 esset,
1116 2601 1259 2666 audisset
1273 2618 1298 2660 as

259 2710 278 2752 a
300 2685 456 2751 Thessalo
480 2622 580 2751 dinsa
606 2706 675 2750 esse
703 2684 862 2769 quendam
886 2619 1038 2770 dthenis,
1066 2687 1121 2771 qui
1148 2710 1183 2753 se
1211 2710 1259 2753 sa·

258 2774 400 2861 pientem
422 2774 637 2860 profiteretur,
660 2794 796 2858 eumque
816 2772 919 2838 dicere
939 2774 1055 2857 omnis,
1079 2797 1160 2859 quae
1177 2776 1259 2842 face·

259 2884 379 2947 remus,
410 2862 452 2927 ad
482 2863 684 2947 uoluptatem
717 2882 786 2926 esse
817 2861 991 2927 referenda
1037 2862 1129 2938 Quod
1156 2885 1194 2929 ex
1221 2886 1258 2930 eo

260 2950 425 3017 audientes
446 2949 498 3015 M’.
518 2948 650 3016 Curium
673 2952 706 3013 et
724 2948 773 3013 Ti.
791 2946 1026 3016 Coruncanium
1049 2956 1162 3036 optare
1185 2953 1258 3017 soli·

259 3044 325 3124 tos,
353 3042 391 3103 ut
416 3038 450 3101 id
477 3036 676 3103 Samnitibus
703 3036 829 3122 ipsique
851 3037 976 3122 Pyrrho
1003 3040 1258 3125 persuaderetur,
1273 3058 1299 3098 so

260 3149 323 3213 quo
345 3125 473 3192 facilius
495 3125 581 3191 vinci
602 3129 744 3211 possent,
767 3146 840 3190 cum
863 3147 897 3191 se
914 3127 1137 3212 voluptatibus
1156 3128 1259 3192 dedis-

260 3220 342 3282 sent.
389 3213 524 3279 Vixerat
550 3213 601 3278 Μ’.
629 3211 744 3279 Curius
772 3234 845 3279 cum
876 3214 911 3279 P.
938 3215 1051 3299 Decio,
1084 3215 1139 3299 qui
1170 3216 1259 3298 quin·

260 3303 398 3391 quennio
422 3305 496 3366 ante
520 3323 593 3366 eum
615 3303 780 3368 consulem
803 3324 837 3367 se
859 3324 918 3387 pro
941 3303 1125 3387 republica
1144 3308 1259 3387 quarto

260 3392 429 3460 consulatu
456 3390 643 3474 devoverat3
673 3394 769 3455 norat
797 3392 930 3456 eundem
958 3390 1139 3474 Fabricius,
1164 3396 1260 3457 noret

260 3479 493 3562 Coruncanius,
516 3478 571 3563 qui
593 3500 666 3543 cum
684 3500 723 3543 ex
741 3501 799 3544 sua
820 3480 897 3562 vita,
920 3482 990 3544 tum
1008 3500 1047 3544 ex
1065 3478 1142 3564 eius,
1166 3502 1259 3564 quem
1274 3497 1300 3539 cu

261 3567 344 3653 dico,
366 3566 446 3633 Deci
482 3567 569 3632 facto
591 3566 777 3633 iudicabant
800 3589 870 3633 esse
892 3567 1037 3653 profecto
1062 3567 1184 3652 aliquid
1206 3592 1260 3634 na·

251 3659 328 3716 tots
353 3654 534 3735 pulchrum
567 3659 664 3741 atque
694 3656 910 3743 praeclarum,
943 3656 1028 3741 quod
1059 3677 1117 3722 sua
1145 3662 1261 3743 sponte
