2950 4150
242 303 306 367 174
536 302 689 359 annulus
707 302 757 356 DE
773 302 939 360 AMICITIA

241 465 454 550 cogitationes
478 465 662 530 abiecerrmt
684 468 719 529 in
741 487 810 530 rem
832 470 902 530 tam
928 465 1085 531 humilem
1110 469 1243 549 tamque

241 575 302 619 con
302 557 468 638 t.emptam
514 551 616 628 Quam
639 553 681 617 ob
704 574 773 617 rem
795 553 855 618 hos
879 552 1008 637 quidem
1031 553 1072 619 ab
1094 554 1157 619 hoo
1179 575 1242 619 ser·

241 663 336 706 mone
367 662 602 736 removeamus,
633 640 696 724 ipsi
728 643 837 705 autem
867 641 1095 744 intellegamus
1126 645 1243 708 natura

243 729 334 815 gigni
352 751 481 793 sensum
499 728 700 830 diligendiet
685 728 955 793 thenivolentiae
969 730 1035 794 cari
1036 733 1138 795 tatem
1156 731 1243 796 facta

243 817 477 902 significatione
499 815 608 918 probit
610 817 681 881 atis.
727 814 830 892 Quam
853 817 909 900 qui
931 817 1166 903 adpetiverunt,
1191 819 1282 883 ιιι-ι

242 905 365 990 plicant
387 927 421 969 se
444 907 478 969 et
499 904 631 990 propius
655 904 837 988 admovent,
858 908 896 968 ut
918 907 952 970 et
969 928 1029 970 usu
1048 906 1125 984 eius,
1147 929 1243 990 quem

243 993 375 1094 diligere
398 991 751 1077 coepcnmt,i1uantur
774 996 807 1056 et
828 954 973 1057 inoribus
997 993 1125 1077 sintque
1147 1015 1243 1078 parea

242 1083 277 1146 in
299 1103 408 1146 amore
431 1084 464 1144 et
487 1081 636 1163 aequales
658 1080 947 1165 propensioresque
965 1081 1005 1145 ad
1022 1081 1103 1146 bene
1121 1103 1243 1146 mercu-

243 1170 318 1233 dum
342 1190 438 1252 quam
461 1168 502 1232 ad
524 1168 770 1253 reposcendum,
793 1172 889 1252 atque
912 1169 991 1234 haec
1013 1169 1175 1235 intereos
1199 1170 1243 1233 sit

241 1257 358 1322 honest
344 1261 379 1320 ιι
397 1256 541 1322 certatio.
573 1254 626 1322 sie
643 1260 676 1320 et
693 1256 855 1322 utilitates
874 1279 912 1321 er
926 1256 1069 1322 amicitia
1084 1257 1243 1322 maximae
1258 1280 1284 1320 ιι

243 1345 424 1430 capientur,
447 1344 564 1410 eterit
586 1344 653 1410 aius
676 1348 768 1409 ortus
791 1367 811 1409 a
831 1350 950 1410 natura
972 1366 1070 1429 quam
1092 1346 1134 1411 ab
1156 1345 1243 1411 inbe-

243 1433 379 1498 cillitate
402 1433 532 1518 gravior
555 1436 588 1496 et
610 1432 724 1497 verior.
768 1431 854 1497 Nam
877 1434 906 1497 si
932 1433 1059 1498 utilitas
1082 1434 1242 1500 amicitias

242 1521 490 1606 conglutinaret,
512 1519 623 1584 eadem
646 1525 845 1586 commutata
867 1520 1072 1605 dissolveret3
1095 1522 1150 1586 sed
1168 1522 1244 1606 quia

241 1613 358 1672 natura
377 1607 496 1673 mutari
513 1629 579 1672 non
596 1611 714 1692 potest,
734 1608 852 1673 idcirco
871 1630 966 1673 verae
985 1609 1145 1674 amicitiae
1163 1631 1244 1674 sem·

241 1696 387 1781 piternae
410 1700 493 1761 sunt
539 1695 654 1761 Ortum
677 1696 806 1780 quidem
834 1696 994 1761 amicitiae
1021 1695 1152 1781 ridetis,
1180 1698 1244 1763 nisi
1257 1720 1283 1761 ιι

243 1784 320 1867 quid
343 1784 484 1850 adhaec
506 1783 592 1849 forte
614 1785 723 1850 vultis.

306 1873 453 1938 Facturus
493 1872 543 1937 Τιι
560 1894 637 1938 vcro
655 1894 763 1959 perge,
784 1871 890 1956 Laeli3
911 1894 970 1958 pro
988 1873 1051 1938 hoe
1076 1874 1171 1958 enim,
1189 1876 1243 1958 qui

241 1959 348 2024 minor
370 1964 420 2024 est
442 1964 535 2043 natu,
557 1982 629 2025 meo
652 1961 721 2026 iure
744 1961 930 2043 respondeo.

190 2066 223 2117 aa
308 2047 474 2115 Scaurum.
509 2046 607 2113 Recte
630 2052 667 2113 tu
691 2048 829 2132 quidem.
860 2046 963 2124 Quam
986 2049 1028 2114 ob
1051 2071 1120 2116 rem
1138 2050 1244 2116 audia-

244 2158 324 2202 mus
1257 2161 1283 2201 ιι

192 2229 233 2293 10
307 2224 450 2291 errrcs.
481 2224 582 2289 Audit
568 2228 600 2288 te
617 2246 704 2308 vero,
722 2225 847 2310 optumi
864 2225 935 2307 viri,
957 2248 1004 2310 ea,
1027 2247 1108 2309 quae
1126 2228 1243 2311 saepis·

243 2315 323 2379 sime
345 2315 498 2378 interme
516 2315 550 2377 et
567 2309 750 2396 Scipionem
772 2314 811 2378 da
829 2275 973 2379 amicitia
994 2312 1242 2380 disserebantur.

244 2403 446 2486 Quamquam
472 2400 529 2465 ille
557 2400 685 2484 quidem
707 2401 790 2465 nihil
821 2400 984 2466 difficilius
1012 2422 1081 2466 esse
1109 2400 1244 2487 dicebat,

244 2512 340 2574 quam
363 2488 539 2555 amicitiam
560 2510 662 2572 usque
684 2489 725 2553 ad
748 2492 926 2554 extremum
948 2489 997 2554 ιιι
998 2511 1035 2553 ac
982 2488 1148 2555 tdiem
1174 2513 1244 2575 per·

244 2599 381 2643 manere.
425 2575 525 2660 Nam,
553 2577 606 2642 vel
631 2580 669 2641 ut
694 2598 761 2642 non
786 2576 871 2641 idem
898 2577 1074 2661 expediret,
1105 2577 1244 2644 incidere
1258 2598 1284 2640 ιι

244 2687 348 2749 saepe,
370 2665 422 2730 vel
444 2668 482 2729 ut
504 2663 543 2728 de
565 2686 600 2729 re
622 2664 754 2749 publica
774 2686 840 2729 ιιοιι
862 2664 948 2730 idem
968 2665 1156 2750 sentiretur,
1178 2690 1245 2731 mu·

243 2752 308 2818 tari
335 2753 434 2818 ctiam
460 2774 567 2818 mores
593 2752 761 2817 hominum
789 2774 884 2838 saepe
911 2752 1052 2837 dicebat,
1083 2754 1165 2819 alias
1193 2755 1245 2820 ad·

243 2840 346 2907 versis
364 2842 470 2925 rebus,
492 2841 573 2906 alias
593 2844 699 2906 aetate
721 2842 972 2926 ingravescente.
1008 2841 1117 2925 Atque
1136 2864 1245 2908 aarum

243 2952 351 2995 rerum
365 2930 546 3014 exemplum
561 2951 599 2994 ex
613 2928 824 2994 similitudine
841 2928 991 3013 capiebat
1005 2929 1146 2995 ineuntis
1161 2934 1246 2995 aeta·

244 3018 297 3101 tis,
316 3017 401 3101 quod
420 3017 537 3082 summi
554 3038 728 3103 puerorum
742 3038 868 3083 amores
883 3039 978 3102 saepe
991 3039 1056 3083 una
1069 3040 1142 3083 cum
1155 3039 1245 3103 prae
1259 3037 1285 3076 se

192 3124 226 3173 ιιι
244 3110 335 3172 texta
361 3109 440 3191 toga
466 3109 675 3190 ponerentur,
706 3105 758 3169 sin
789 3109 898 3171 autem
927 3105 968 3170 ad
995 3104 1245 3170 adulescentiam

244 3194 481 3297 perduxissent,
508 3193 615 3257 (ιιιιιιιι
642 3198 752 3259 tamen
778 3193 940 3259 interdum
967 3196 1043 3258 cont
1028 3193 1172 3257 tentione
1194 3192 1246 3257 vel

244 3282 375 3349 uxoriae
397 3279 591 3348 condicionis
614 3282 665 3346 vel
689 3282 850 3348 commodi
878 3281 1026 3382 alicuius,
1054 3280 1139 3363 quod
1161 3280 1247 3345 idem

245 3371 379 3456 adipisci
405 3375 539 3455 uterque
566 3391 632 3434 ιιοιι
658 3374 779 3455 posset
824 3369 945 3445 Quodsi
973 3368 1028 3453 qui
1055 3369 1247 3454 longiusin

246 3459 388 3525 amicitia
405 3458 550 3545 provecti
568 3463 684 3541 essent,
706 3463 818 3524 tamen
836 3480 931 3543 saepe
949 3455 1194 3542 labefactari,
1167 3480 1196 3523 ιι
1213 3458 1248 3522 ιιι
1261 3476 1287 3517 ιι

244 3546 377 3612 honoris
396 3548 634 3613 contentionem
651 3546 852 3632 incidissenq
874 3548 1000 3632 pestem
1021 3543 1106 3610 cuim
1123 3548 1248 3612 nullam

236 3634 398 3697 maiorem
427 3658 498 3701 esse
526 3634 677 3702 amicitiis
705 3657 803 3721 quam
832 3634 868 3701 ιιι
898 3633 1062 3720 plerisque
1094 3636 1247 3721 pecuniae

447 3929 563 3953 Α
