2950 4150
496 366 506 393 x
573 309 649 367 car.
668 323 693 380 e,
712 319 737 366 a.
769 317 898 377 §r-rs.
1169 311 1233 377 135

229 475 306 558 quie
329 472 530 538 conscientia
552 472 634 537 bene
658 475 749 538 actae
777 472 865 538 ritae
891 473 1132 557 multorumque
1158 473 1240 538 bene

228 561 297 627 fact
283 565 392 625 torum
416 560 600 626 recordatio
622 560 855 626 iucundissima
882 565 940 625 est
984 559 1057 647 Ego
1081 559 1118 636 Q
1139 559 1239 625 Maxi-
1257 535 1293 661 fo

229 671 328 731 mum,
354 670 427 713 eum
447 671 503 732 qur
493 648 693 713 Tarentum
699 649 846 734 recepit,
864 669 973 714 senem
987 649 1174 730 adulescens
1191 649 1240 718 ita

232 698 339 820 dilexi,
366 739 404 802 ut
431 737 615 835 aequalem3
643 737 823 802 eratenim
850 737 885 801 in
906 737 965 802 illo
991 737 1063 802 viro
1086 724 1240 802 comitate

203 825 362 890 scondita
377 818 532 908 gravitas
550 845 609 890 nec
627 828 775 890 senectus
794 847 900 890 mores
914 830 1109 891 mutaverat·
1103 848 1239 910 ,-quam

230 935 327 997 quam
353 935 427 978 eum
452 914 557 978 colere
580 913 671 998 coepi
692 934 759 977 non
782 913 955 978 admodum
977 877 1133 1014 grandein
1150 918 1240 995 natu,

231 1001 286 1066 sed
313 1001 465 1066 tamen
455 1023 522 1066 ram
551 1004 659 1065 aetate
685 1005 919 1085 provectum.
906 1001 1024 1067 Anno
1051 1002 1137 1067 enim
1163 964 1240 1086 post

230 1090 346 1154 consul
369 1089 511 1174 primum
533 1088 649 1172 luerat,
672 1111 770 1172 quam
793 1111 856 1175 ego
876 1093 973 1155 natus
996 1112 1082 1174 sum,
1104 1110 1239 1174 cumque

231 1199 269 1242 eo
294 1181 448 1260 quartum
472 1177 603 1243 consule
627 1176 887 1243 adulescentulus
909 1179 1004 1244 miles
1030 1178 1072 1244 ad
1094 1176 1239 1262 Capuam

191 1285 217 1324 ro
230 1264 398 1350 profectus
435 1287 508 1329 sum
541 1264 718 1348 quintoque
749 1287 834 1330 anno
865 1272 942 1351 post
975 1267 1016 1332 ad
1052 1265 1239 1332 Tarentum.

232 1351 394 1426 Quaestor
417 1352 530 1416 deinde
558 1351 768 1453 quadriennio
795 1357 871 1438 post
892 1352 999 1419 factus
1026 1376 1111 1436 sum,
1143 1376 1238 1437 quem

232 1439 465 1524 magistratum
498 1439 584 1525 gessi
616 1439 801 1505 consulibus
834 1440 996 1507 Tuditano
1025 1446 1058 1506 et
1085 1405 1239 1527 (lethego,

231 1550 304 1593 cum
324 1527 453 1611 quidem
471 1527 528 1592 ille
551 1527 723 1592 admodum
746 1549 843 1593 senex
866 1550 980 1595 suasor
1003 1529 1085 1616 legis
1109 1528 1239 1596 Oineiae

232 1617 271 1680 de
294 1615 387 1681 donis
410 1620 444 1680 et
467 1615 653 1681 muneribus
675 1615 748 1681 fuit.
792 1616 855 1682 Hie
878 1621 911 1682 et
933 1618 1022 1683 bella
1044 1619 1180 1703 gerebat
1201 1623 1238 1682 ut

191 1704 435 1789 indolescens,
462 1725 536 1769 cum
558 1704 655 1789 plane
679 1704 811 1790 grandis
834 1709 933 1789 esset,
960 1709 993 1771 et
1019 1706 1238 1771 Hannibalem

229 1792 416 1857 iuveniliter
437 1793 637 1857 exultantem
654 1792 814 1876 patientia
833 1815 892 1858 sua
909 1756 1093 1877 rirolliebat3
1115 1794 1154 1859 de
1173 1815 1237 1878 quo

228 1881 396 1966 praeclare
418 1879 589 1946 familiaris
612 1884 723 1944 noster
745 1880 888 1945 Ennius:

272 1967 379 2033 Unus
402 1969 517 2034 homo
539 1968 658 2034 nobis
681 1970 898 2035 cunctando
921 1969 1101 2034 restituit
1123 1992 1210 2034 rem.

273 2055 447 2122 Noenum
469 2079 645 2123 rumores
668 2057 842 2142 ponebat
865 2061 956 2123 ante
980 2058 1153 2123 salutem.

189 2164 216 2204 so
274 2145 378 2232 Ergo
416 2150 586 2230 postque
622 2146 825 2231 magisque
861 2147 936 2212 viri
971 2168 1069 2212 nunc
1110 2147 1236 2233 gloria

970 2236 1102 2300 claret,

230 2321 405 2387 Tarentum
430 2342 506 2387 vero
535 2343 599 2406 qua
626 2322 813 2406 vigilantia,
845 2344 908 2406 quo
936 2323 1071 2388 consilio
1101 2323 1236 2407 recepit!
1256 2337 1288 2387 ιι

229 2432 302 2476 cum
326 2409 455 2494 quidem
482 2432 534 2475 me
562 2408 712 2475 audiente
736 2407 927 2493 Salinatori,
955 2411 1010 2494 qui
1038 2410 1158 2475 amisso
1182 2433 1236 2494 op·

230 2497 306 2582 pido
337 2497 469 2583 fugerat
499 2498 534 2562 in
561 2520 681 2580 arcem,
713 2498 870 2583 glorianti
897 2502 994 2583 atque
1025 2498 1073 2563 ita
1105 2498 1236 2563 dicenti:
1311 2555 1317 2566 .

229 2584 325 2650 ‘Mea
338 2606 468 2669 opera,
482 2584 636 2671 Qeabi,
649 2586 855 2652 Tarentum
869 2586 1077 2672 recepisti':
1091 2585 1237 2670 ‘Certe’,

190 2673 336 2757 reinquit
358 2672 480 2755 ridens
509 2673 606 2738 ‘nam
627 2674 706 2738 nisi
727 2678 770 2739 tu
793 2674 1006 2758 amisisses
1033 2696 1235 2759 numquam

230 2760 484 2863 recepissem?
529 2759 597 2827 Nec
619 2784 696 2827 vero
719 2762 754 2827 in
776 2763 875 2827 armis
898 2763 1117 2848 praestantior
1137 2785 1234 2847 quam

229 2849 263 2914 in
286 2854 379 2935 toga3
402 2850 459 2933 qui
481 2850 592 2915 consul
615 2850 735 2915 iterum
758 2848 812 2936 Sp.
836 2850 977 2916 Carvilio
1000 2852 1127 2937 collega
1149 2852 1235 2934 quie·

230 2940 339 3002 scente
358 2935 393 3003 Ο.
405 2936 565 3003 Flaminio
580 2937 713 3004 tribuno
731 2939 846 3024 plebis,
861 2938 968 3022 quoad
981 2939 1099 3023 potuit,
1113 2938 1236 3003 restitit

230 3046 345 3111 agrum
372 3024 537 3091 Picentem
565 3030 599 3091 et
626 3025 788 3091 Gallicum
815 3026 953 3091 viritim
966 3032 1080 3092 contra
1103 3030 1234 3091 senatus

190 3112 457 3178 etauctoritatem
488 3114 656 3199 dividenti3
695 3136 863 3216 augurque
895 3137 967 3180 cum
1000 3119 1099 3198 esset,
1131 3113 1234 3177 dicere

230 3223 326 3266 ausus
355 3206 404 3267 est
432 3202 591 3287 optimis
619 3203 806 3287 auspiciis
838 3224 880 3266 ea
913 3203 1011 3288 geri,
1044 3223 1138 3285 quae
1165 3221 1234 3285 pro

228 3290 284 3354 rei
320 3291 502 3374 publicae
535 3291 661 3355 salute
694 3294 935 3376 gererentu13
972 3312 1067 3374 quae
1101 3291 1235 3353 eontra

228 3399 306 3443 rem
329 3378 525 3479 publicam
547 3378 757 3460 ferrentur,
780 3383 917 3459 contra
939 3376 1113 3475 auspicia
1130 3374 1235 3439 ferri

228 3465 366 3530 Multa
356 3488 391 3531 m
414 3488 452 3531 eo
475 3466 546 3531 viro
569 3465 737 3551 praeclara
764 3466 915 3550 cognovi,
943 3465 999 3528 sed
1025 3461 1108 3527 nihil
1137 3462 1288 3529 admi-12

189 3570 215 3612 ³⁵
230 3553 365 3619 rabilius
370 3575 496 3639 ,quam
515 3574 579 3637 quo
603 3552 698 3618 modo
717 3554 773 3617 ille
794 3556 932 3617 mortem
955 3550 1016 3614 filii
1041 3550 1131 3633 tulit,
1154 3552 1234 3616 clari

228 3641 291 3707 ιιιι
313 3647 347 3707 et
365 3641 553 3707 consularis.
585 3640 670 3708 Est
661 3663 696 3705 m
709 3640 859 3705 manibus
873 3637 1021 3703 laudatio
1025 3659 1158 3718 quam
1169 3660 1255 3698 em
