2950 4150
278 306 340 369 190
574 303 725 359 LAELIUS
744 305 793 358 DE
811 303 977 359 AMICITIA
1051 381 1054 387 ¹

275 467 493 552 praeposteris
527 466 612 530 enim
644 467 766 530 utimur
796 466 940 530 consiliis
976 470 1010 530 et
1044 471 1118 530 acta
1145 466 1283 550 agimus,

276 555 361 639 quod
382 559 531 619 vetamur
553 558 661 618 vetere
685 554 865 638 proverbio.
902 552 988 619 Nam
1011 554 1171 638 implicati
1192 554 1282 619 ultro

275 647 308 708 et
331 644 411 708 citro
434 643 486 708 vel
510 664 570 707 usu
594 642 744 707 diuturno
768 642 820 706 vel
843 643 943 707 etiam
964 642 1079 708 officiis
1098 647 1230 727 repente
1248 644 1283 706 in

275 731 380 796 medio
413 752 507 796 cursu
540 730 700 796 amicitias
730 735 843 796 exorta
870 731 981 814 aliqua
1013 731 1188 796 offensione
1221 731 1282 795 dis·

275 819 463 904 rumpimus.
1310 836 1323 877 a

221 879 264 1007 ἓξ
341 905 411 983 Quo
437 909 535 972 etiam
559 908 665 993 magis
688 907 903 991 vituperanda
926 907 1045 971 estrei
1068 907 1207 970 maxime
1229 929 1282 972 ne·

275 997 432 1062 cessariae
464 1000 558 1061 tanta
589 996 722 1061 incuria.
767 994 843 1060 Una
874 1000 924 1059 est
955 995 1041 1060 enim
1073 995 1217 1060 amicitia
1248 995 1283 1059 in

274 1086 370 1149 rebus
392 1085 553 1167 humanis,
577 1084 615 1148 de
638 1084 727 1149 cuius
751 1084 896 1148 utilitate
920 1105 1031 1148 omnes
1049 1104 1115 1149 uno
1134 1104 1190 1148 ore
1209 1105 1282 1149 con-

274 1173 427 1238 sentiunt.
460 1171 662 1256 Quamquam
680 1195 699 1237 a
723 1173 835 1236 multis
854 1172 958 1237 virtus
976 1172 1049 1256 ipsa
1063 1172 1282 1237 contemnItur

273 1265 307 1326 et
328 1261 507 1326 venditatio
536 1261 694 1345 quaedam
722 1265 819 1344 atque
847 1261 1023 1326 ostentatio
1053 1281 1123 1325 esse
1151 1260 1322 1344 dicitur31e

273 1350 369 1414 multi
392 1349 522 1414 divitias
546 1350 735 1434 despiciunt,
759 1371 839 1433 quos
863 1371 963 1433 parvo
986 1352 1155 1414 contentos
1174 1349 1281 1414 tenuis

273 1439 377 1504 victus
402 1439 570 1522 cultusque
594 1438 748 1522 delectat3
770 1438 909 1503 honores
929 1459 1016 1521 vero,
1040 1459 1176 1522 quorum
1195 1438 1281 1522 cupi·

273 1526 375 1591 ditate
399 1527 530 1610 quidam
553 1526 811 1608 inflammantur,
836 1548 933 1610 quam
952 1525 1048 1589 multi
1069 1525 1118 1590 ita
1140 1529 1281 1592 contem·

272 1618 368 1698 nunt‚
399 1619 436 1679 ut
458 1613 541 1678 nihil
568 1614 709 1697 inanius,
739 1614 821 1677 nihil
850 1635 920 1678 esse
947 1614 1051 1678 levius
1080 1614 1279 1684 existiment!

272 1704 414 1786 itemque
437 1706 553 1787 cetera,
577 1724 659 1786 quae
682 1702 876 1786 quibusdam
897 1701 1103 1767 admirabilia
1120 1702 1280 1786 videntur,
1295 1719 1321 1760 1⁵

273 1791 427 1877 permulti
450 1794 526 1856 sunt
549 1791 604 1875 qui
626 1813 686 1876 pro
708 1791 812 1855 nihilo
830 1795 963 1875 putent3
986 1791 1024 1855 de
1048 1791 1192 1856 amicitia
1214 1811 1281 1855 om·

272 1902 329 1944 nes
352 1879 393 1944 ad
416 1902 516 1944 unum
539 1880 624 1944 idem
648 1880 806 1963 sentiunt,
829 1883 862 1943 et
883 1879 921 1960 ii,
944 1879 999 1963 qui
1022 1879 1063 1943 ad
1086 1901 1154 1944 rem
1177 1879 1280 1964 publi-

272 1990 343 2032 cam
367 1989 401 2032 se
420 1969 635 2051 contulerunt,
659 1971 691 2032 et
709 1968 743 2052 ii,
761 1968 816 2052 qui
835 1988 943 2032 rerum
960 1968 1145 2053 cognitione
1163 1967 1281 2033 doctri·

271 2078 377 2140 naque
400 2055 614 2140 delectantur,
641 2059 675 2121 et
696 2056 734 2140 ii,
763 2056 818 2142 qui
846 2078 939 2121 suum
966 2056 1134 2142 negotium
1162 2059 1280 2142 gerunt

273 2144 378 2228 otiosi,
400 2148 566 2230 postremo
589 2145 627 2229 ii,
655 2145 710 2229 qui
733 2168 767 2210 se
790 2148 879 2210 totos
907 2145 1110 2211 tradiderunt
1131 2146 1279 2230 volupta·
1293 2163 1321 2202 ae

271 2234 369 2317 tibus,
393 2233 460 2298 sine
485 2233 628 2299 amicitia
650 2234 753 2298 vitam
774 2255 844 2299 esse
862 2235 996 2317 nullam,
1015 2233 1043 2298 si
1062 2232 1157 2298 modo
1175 2233 1280 2298 velint

220 2340 252 2388 87
273 2322 382 2406 aliqua
405 2345 443 2386 ex
466 2325 559 2407 parte
582 2322 763 2387 liberaliter
781 2323 898 2388 vivere.
935 2320 1043 2407 Serpit
1065 2322 1151 2386 enim
1169 2323 1278 2386 nescio

273 2433 335 2495 quo
359 2411 454 2476 modo
478 2433 536 2495 per
559 2411 703 2476 omnium
725 2411 811 2476 vltas
835 2410 979 2476 amicitia
995 2432 1054 2476 nec
1071 2410 1174 2476 ullam
1192 2414 1278 2475 aeta·

271 2499 315 2563 tis
334 2499 497 2585 degendae
515 2500 675 2564 rationem
693 2501 818 2584 patitur
836 2520 906 2563 esee
925 2502 1088 2583 expertem
1102 2498 1161 2564 sui.
1193 2496 1279 2574 Quin

272 2587 371 2651 etiam
395 2589 423 2651 si
447 2588 518 2671 quis
542 2588 717 2673 asperitate
741 2610 780 2654 ea
802 2592 853 2652 eet
871 2591 904 2651 et
921 2586 1114 2653 inmanitate
1132 2591 1278 2672 naturae,
1292 2603 1318 2644 π

271 2680 532 2829 stultat
545 2675 723 2830 hullt
741 2675 859 2830 lttl
875 2679 982 2829 “lh
999 2675 1278 2829 blllhllhl

272 2874 346 2917 men
376 2852 405 2916 is
437 2852 507 2936 pati
538 2873 605 2917 non
631 2854 750 2938 possit,
781 2857 819 2917 ut
844 2786 911 2917 noli
943 2787 1104 2936 anquiraiJ
1126 2814 1277 2937 aliqbem,

272 2940 357 3025 apud
380 2962 475 3024 quem
499 2945 629 3006 evomat
651 2940 740 3007 virus
764 2940 952 3007 acerbitatis
971 2962 1055 3006 suae.
1088 2941 1197 3026 Atque
1215 2942 1277 3008 hoc

272 3028 410 3093 maxime
433 3029 638 3113 iudicaretur,
660 3030 688 3094 si
712 3030 789 3114 quid
811 3029 878 3093 tale
896 3033 1008 3113 posset
1026 3030 1222 3115 contingere,
1240 3034 1278 3094 ut
1291 3046 1319 3087 ω

272 3118 390 3202 aliquis
412 3138 472 3182 nos
496 3118 573 3183 deus
598 3140 636 3181 ex
658 3118 719 3183 hac
742 3118 910 3183 hominum
937 3117 1120 3202 frequentia
1146 3118 1278 3183 tolleret

272 3209 304 3271 et
327 3206 361 3271 in
385 3205 558 3271 solitudine
581 3205 709 3290 uspiam
732 3207 908 3273 collocaret
930 3210 1027 3291 atque
1056 3206 1103 3272 ibi
1131 3205 1277 3290 suppedi-

271 3299 345 3360 tans
369 3295 513 3360 0mnium
536 3315 653 3372 rerum,
677 3316 757 3378 quas
779 3298 898 3359 natura
921 3294 1090 3377 desiderat,
1113 3294 1277 3358 abundan-

270 3383 352 3449 tiam
375 3388 408 3448 et
431 3382 557 3466 copiam
575 3381 716 3447 hominis
735 3383 866 3448 omnino
886 3381 1061 3467 aspiciendi
1079 3385 1277 3467 potestatem

271 3471 418 3556 eriperet.
450 3470 528 3545 Quis
551 3474 621 3535 tam
644 3475 731 3535 esset
752 3470 885 3552 ferrcus,
908 3471 964 3553 qui
982 3492 1053 3535 eam
1071 3471 1174 3536 vitam
1192 3471 1277 3537 ferre
1291 3487 1317 3529 π

260 3564 395 3641 posset)
423 3558 537 3643 cuique
559 3581 625 3624 non
648 3558 790 3623 auferret
816 3558 958 3623 fructum
981 3559 1188 3645 voluptatum
1212 3582 1277 3626 om·

191 3654 231 3699 sa
244 3644 342 3705 nium
367 3646 544 3714 solitudo?
576 3646 698 3714 Verum
723 3668 802 3737 ergo
823 3646 909 3712 illud
929 3651 990 3732 est,
1012 3649 1097 3732 quod
1124 3649 1277 3715 a'laren·
